2386 3810
58 166 197 221 ina-83
278 160 465 222 HEAVTON
487 104 794 227 manumittimus
970 170 1029 234 131

107 344 248 404 Amicam
264 349 299 402 ut
313 343 428 402 habeas
444 345 543 423 prdpe
560 346 619 404 iam
633 347 665 404 in
679 349 784 407 uxoria
796 345 892 410 locat

107 444 217 520 Errta,
238 443 264 502 ai
279 440 313 501 id
329 440 442 519 credis,
464 442 497 500 ct
514 461 563 502 me
579 443 715 523 ignoras,
736 445 845 508 Clinia.
982 463 1032 516 105

106 542 176 619 Ego
198 542 231 600 te
252 559 352 599 meum
375 557 444 599 ease
465 538 528 600 dici
545 544 698 623 tantisper
714 543 798 622 uolo,

107 638 189 698 Dum
204 636 287 716 quud
301 642 334 696 te
349 635 504 715 dignumst
517 637 629 697 facies:
651 638 708 699 red
722 642 748 700 ui
762 640 796 700 id
809 645 871 703 uun
885 644 973 723 facia,
1045 672 1073 713 a

106 737 175 814 Ego
195 735 278 816 quaid
292 755 341 796 me
355 738 387 795 in
402 743 435 796 te
451 738 492 797 sit
506 736 611 796 licere
628 736 752 815 dignum
769 742 928 802 inuenero.

108 833 203 895 Nulla
218 833 296 895 iden
313 854 351 895 ex
364 853 401 895 re
417 836 498 895 istuc
517 835 557 894 fit
571 836 630 894 niai
647 855 684 896 ex
699 839 793 898 nimiu
810 841 884 898 atio.

107 933 175 1011 Ego
189 933 271 992 istrie
286 934 397 993 aetatis
411 934 472 992 nain
488 934 583 992 amori
600 937 724 1013 operam
741 934 860 1015 dabam,
980 953 1033 1004 110

107 1029 173 1090 Sed
188 1033 221 1090 in
237 1013 341 1091 alsium
354 1032 426 1091 hinc
441 1033 502 1091 abii
517 1034 648 1112 prepter
662 1037 842 1114 pauperiem
857 1039 951 1117 itque
966 1040 1009 1100 ibi

108 1127 209 1188 Simul
224 1147 289 1188 rem
306 1137 339 1189 et
352 1128 479 1208 gloriam
494 1130 586 1188 armis
601 1127 677 1188 belli
691 1133 841 1212 repperi?
1046 1168 1060 1209 ο
1098 1142 1102 1148 ’

108 1224 273 1285 Pastremo
289 1224 367 1286 aden
386 1244 438 1286 res
454 1225 563 1285 rediit:
586 1225 837 1290 adulescentulus

109 1324 212 1404 Saepe
228 1323 335 1384 cadem
350 1331 384 1385 ct
398 1327 535 1402 grauiter
549 1324 701 1385 audiendo
718 1330 816 1389 uictus
832 1334 894 1390 eat:

110 1422 225 1482 Aetite
244 1440 293 1481 me
308 1423 429 1501 putriuit
444 1427 477 1481 et
492 1424 642 1502 rapientia
983 1439 1032 1490 115

109 1519 186 1581 Plus
202 1522 283 1580 scire
298 1527 331 1579 et
345 1519 511 1599 prouidere
531 1542 619 1601 quam
634 1541 667 1581 ac
684 1523 784 1600 iparim
800 1524 875 1582 sibi:

111 1613 146 1680 lu
163 1602 267 1679 laium
282 1619 319 1678 ad
336 1637 440 1697 regem
455 1618 616 1679 militatum
632 1622 717 1697 abiit,
740 1621 900 1681 Chremes.
1047 1648 1074 1691 at

58 1743 68 1781 ι
109 1718 192 1796 Quid
207 1710 279 1778 als?
299 1718 365 1779 Mc.
382 1717 469 1777 (llam
483 1737 532 1776 me
548 1719 708 1797 profectus
721 1721 834 1780 menate
846 1723 903 1781 tria
916 1722 1012 1782 abeat.

58 1839 82 1878 a.
112 1816 212 1875 Ambo
228 1815 408 1876 lacusandi:
430 1817 489 1876 etsi
506 1814 586 1875 illud
600 1816 757 1895 inceptum
773 1826 875 1879 tamen

112 1913 247 1972 Animiat
260 1912 406 1992 pudentis
422 1916 541 1991 signum
559 1920 592 1972 et
606 1932 667 1972 non
683 1914 845 1975 instrenui.
984 1927 1035 1980 120

58 2030 91 2071 n.
113 2010 177 2071 vbi
194 2012 330 2090 cumperi
346 2031 384 2070 ex
399 2013 455 2088 eis,
475 2014 529 2090 qui
542 2012 632 2071 fuere
648 2012 677 2071 ei
695 2014 821 2090 erinacii,

110 2107 244 2168 Domum
259 2117 404 2169 reuortor
423 2110 556 2169 maestus
571 2118 663 2188 atque
679 2112 778 2170 anima
793 2109 862 2170 fere
1047 2141 1073 2181 το

111 2207 302 2267 Pertrirbato
317 2214 408 2286 atque
426 2209 546 2268 incerto
563 2229 639 2289 prae
654 2208 858 2287 aegritudine.

112 2304 245 2365 Adsido:
270 2303 437 2365 adcurrunt
452 2308 546 2382 strui,
569 2326 675 2367 soccus
691 2306 874 2367 detrahunt:

111 2403 189 2467 Iuda
205 2404 258 2464 alia·
273 2404 433 2479 festinare,
453 2403 554 2464 lectos
570 2409 723 2481 sternere,

112 2504 229 2564 Cenum
244 2501 409 2580 adparare:
431 2505 488 2581 prat
504 2521 538 2563 ae
558 2505 687 2582 quisque
702 2500 809 2561 scdulo

110 2602 291 2678 Fauianam,
315 2619 374 2678 quo
389 2598 475 2660 illam
495 2603 570 2661 mihi
584 2603 723 2662 lenirent
737 2601 901 2660 miseriam.
1047 2630 1073 2668 η

111 2700 173 2759 Vbi
190 2699 293 2775 uideo,
317 2699 395 2758 haec
410 2703 498 2779 coepi
514 2703 651 2780 crigitare
666 2698 759 2774 ‘hem‚
782 2699 829 2756 aaa
845 2714 912 2756 mea

112 2797 216 2857 Solius
230 2797 357 2857 solliciti
374 2801 438 2858 sint
450 2819 549 2875 causa,
572 2810 607 2858 ut
622 2817 671 2857 mc
687 2815 777 2855 unum
793 2794 957 2874 expleant?

113 2894 255 2955 Ancillae
271 2903 318 2955 tot
335 2914 383 2954 mc
404 2897 561 2956 ue'stiant‘?
582 2899 719 2975 sumptis
736 2893 818 2953 domi
986 2905 1035 2959 130

114 2992 235 3051 'l'anttic
250 3011 308 3070 ego
324 2991 407 3051 uolua
423 2994 554 3053 faciam?
576 2992 631 3053 aed
646 3000 768 3072 gnatum
786 2992 919 3069 iunicum,

116 3091 215 3167 Quem
230 3091 349 3170 pariter
362 3093 407 3149 uti
423 3092 472 3150 his
490 3089 594 3150 decuit
610 3093 766 3150 autetiam
783 3087 923 3167 amplius,
1049 3110 1076 3150 aa

117 3185 208 3267 Quod
222 3184 277 3246 illa
292 3188 375 3247 aetas
391 3190 486 3266 magis
502 3187 538 3247 ud
555 3189 630 3247 haec
647 3187 760 3247 utenda
774 3187 926 3264 Munerat,

114 3290 193 3351 Eum
209 3303 267 3368 ego
284 3285 356 3345 hinc
370 3287 448 3346 eieci
464 3290 609 3346 miserum
626 3288 774 3346 iniustitia
790 3302 867 3343 mea.

117 3385 202 3449 Malui
217 3382 343 3466 quidem
360 3401 409 3443 me
425 3385 534 3463 quinia
549 3383 674 3463 dignum
688 3384 845 3466 deputem,
855 3460 900 3525 9*
986 3387 1038 3444 13⁶
