2386 3810
332 354 714 458 pronaeve.

102 529 202 598 Poeta
223 557 314 618 qnam
335 539 466 618 prImum
480 539 611 598 animum
626 537 665 598 ad
679 538 875 605 scribendum
890 537 1020 620 edpnlit

102 633 136 694 ld
157 637 217 694 sibl
238 637 343 713 negoti
365 633 499 695 credidit
518 633 617 694 solim
640 634 717 712 dari,

102 731 222 812 Populo
244 735 279 792 ait
299 730 462 811 placerent
485 737 558 810 ques
579 732 707 791 fecisset
728 729 854 790 fabulas.

103 829 218 889 Verum
241 829 331 889 dliter
352 833 479 888 enenire
500 829 597 889 multo
617 826 789 905 intellegit:

102 927 177 985 Nam
199 928 232 986 in
251 925 389 1006 prelogis
407 924 580 984 scribrindis
603 941 729 1003 operam
747 922 892 1000 abrititnr,
1004 936 1020 988 5

101 1022 170 1080 Non
194 1022 246 1100 qui
266 1026 476 1098 trgnmentum
497 1025 620 1096 narret,
641 1018 698 1078 sed
720 1020 771 1098 qui
792 1017 930 1080 mdliuoli

101 1118 228 1179 Veteris
249 1121 360 1198 poetae
382 1116 555 1178 meledictis
576 1115 773 1197 respendeat.

100 1214 199 1293 Nunc,
214 1219 303 1294 qndm
314 1234 380 1274 rem
391 1216 468 1274 uitio
481 1213 565 1292 dent,
581 1234 694 1293 quaeso
709 1215 841 1274 animum
855 1213 1018 1278 attendite.

101 1311 275 1372 Menander
295 1312 372 1372 iecit
394 1294 542 1373 Andriam
563 1319 597 1373 et
618 1313 818 1373 Perinthiam.

101 1409 160 1485 Qui
180 1410 326 1469 utrtmuis
347 1415 436 1470 recte
451 1412 549 1488 uerit,
572 1413 673 1472 ambas
692 1412 831 1471 nenerIt:
984 1424 1018 1475 10

102 1507 171 1565 Non
191 1509 234 1565 ita
251 1511 323 1566 sunt
344 1504 486 1584 dissimili
507 1514 703 1587 trgnmentr),
725 1508 782 1568 sed
802 1514 905 1569 tamen

101 1602 250 1663 Dissimili
268 1605 408 1665 oratidne
430 1611 501 1665 sunt
521 1606 621 1665 factae
643 1610 678 1665 ec
699 1602 781 1664 stilo.

101 1702 186 1778 Quae
207 1702 381 1762 cennenere
401 1703 435 1760 in
456 1685 603 1760 Andriam
625 1720 662 1762 ex
682 1701 843 1761 Perlnthi'a

99 1798 228 1858 Fatetur
249 1796 444 1859 transtulisse
466 1806 559 1878 atque
579 1819 666 1860 usum
683 1802 741 1880 prd
763 1801 835 1864 mis.

99 1895 209 1956 idisti
229 1897 407 1975 uituperant
427 1895 542 1956 fectum
563 1903 655 1976 atque
673 1898 707 1957 in
725 1915 763 1958 eo
786 1897 941 1978 disputant
984 1909 1016 1961 15

100 1995 309 2053 Conttminari
330 1996 392 2053 ndn
415 1992 529 2055 decere
549 1993 677 2054 setulas.

99 2087 266 2149 Facientne
287 2087 516 2167 intellegendo,
537 2096 573 2150 ut
593 2089 639 2150 nil
658 2087 864 2168 intellegant?

99 2189 158 2265 Qui
173 2208 264 2267 quom
282 2188 365 2248 hrinc
385 2195 543 2266 accusant,
564 2188 712 2249 Naeuium
726 2186 867 2248 Plautum
882 2171 1015 2248 llnnium

98 2285 270 2360 Accdsant,
294 2303 370 2363 quos
392 2285 443 2343 hic
463 2288 570 2345 ndster
593 2287 734 2345 auctores
752 2284 856 2362 habet,

98 2380 234 2456 Quorum
257 2378 401 2440 aemulari
423 2385 546 2461 exeptat
567 2380 793 2459 neglegentiam
981 2391 1016 2444 20

97 2476 205 2536 l'otiris
227 2497 316 2555 quam
332 2479 461 2538 istorum
483 2479 643 2538 obscriram
662 2476 862 2556 diligentiam.

27 2600 30 2607 ·
97 2573 217 2632 Dehinc
239 2575 273 2632 rit
294 2575 453 2653 quiescant
472 2581 567 2654 perro
589 2592 699 2633 moneo
720 2581 753 2634 et
775 2574 918 2635 desinant

96 2669 181 2732 Male
203 2670 325 2750 dicere,
347 2672 508 2735 maleficta
528 2691 568 2732 ne
589 2676 718 2732 noscent
739 2691 802 2732 sna.

97 2768 230 2846 Facete,
253 2768 360 2829 adeste
383 2788 481 2847 aequo
502 2771 602 2830 animo
624 2775 658 2828 et
677 2786 744 2827 rem
764 2768 954 2848 cognanum,

99 2865 139 2926 Vt
160 2866 368 2944 pernoscatis,
393 2865 503 2944 ecquid
525 2868 592 2946 spei
612 2867 654 2926 sit
673 2864 839 2925 relicuom:
980 2875 1014 2928 25

95 2961 229 3021 Posthec
251 2981 325 3040 quas
346 2963 440 3022 faciet
460 2963 500 3024 de
521 2967 642 3042 integro
660 2963 843 3041 comoedias,
864 3015 870 3027 .

95 3057 289 3140 Spectendae
311 3079 350 3120 an
368 3061 537 3140 exigendae
557 3062 620 3122 sint
639 3062 727 3121 uobis
747 3060 843 3139 prins.

412 3236 576 3249 *tm-nn,
