2386 3810
575 191 740 253 uncina.
964 192 1031 249 lna
1043 196 1151 249 an-ra
1171 244 1174 249 .

178 410 182 415 ·
256 375 409 437 cintinno
433 377 618 456 exponetur:
646 376 698 434 hic
721 373 779 435 tibi
802 371 847 433 nil
867 379 916 433 est
939 374 1099 452 quicquam
1116 374 1151 433 in·
1169 356 1184 393 ’ἒ

627 470 787 549 cimmerii,
1113 482 1152 535 ann

256 555 297 632 Et
310 570 356 632 illi
371 572 502 631 miserae
516 569 642 650 indigne
655 570 766 629 iactam
780 569 923 629 iniririam
940 568 1130 629 contereris?
1179 578 1185 641 2;

131 699 138 708 -
255 668 417 733 Priliieitns
433 688 515 747 snm,
544 675 577 728 et
593 670 718 728 seruare
738 668 770 726 in
788 685 825 726 eo
841 668 993 727 certumst
1011 665 1092 747 qnod
1105 665 1187 737 dixi,

624 765 725 826 fldem.
1184 772 1187 779 '

255 866 332 928 Nim
352 865 392 927 de
414 863 628 944 redducenda,
650 864 683 924 id
699 883 774 925 nero
792 882 831 923 ne
850 865 988 943 ritiqnam
1006 864 1154 925 honestam

465 968 468 974 '
625 981 695 1024 esse
716 963 865 1022 trbitror:

254 1060 318 1120 Nec
339 1060 463 1138 faciam,
492 1065 552 1122 etsi
573 1065 657 1123 amir
681 1080 730 1121 me
754 1061 890 1138 grauiter
916 1058 1154 1138 cinsuetndoqne

624 1163 690 1220 eius
707 1164 804 1220 tenet.
857 1158 860 1163 '

253 1254 420 1334 Licrnmo,
449 1275 527 1335 qnae
547 1258 676 1337 posthac
697 1257 829 1315 intnrast
849 1256 912 1315 nita
930 1274 1022 1333 quom
1039 1255 1071 1314 in
1083 1271 1154 1313 men·

625 1356 685 1414 tem
703 1354 790 1414 uenit

255 1448 468 1530 Stlitndoqne
497 1452 675 1528 dinrtnna,
709 1459 742 1511 nt
768 1453 932 1531 nimquam
958 1459 1105 1533 perpetuo
1112 1363 1186 1541 tal

618 1549 703 1610 data!

255 1643 342 1705 sed
332 1664 391 1706 ram
403 1646 490 1726 prior
502 1648 585 1707 amir
595 1665 644 1707 me
656 1646 694 1706 ad
709 1647 788 1706 hane
802 1664 868 1706 rem
880 1646 1081 1708 exercitatum
1092 1643 1185 1719 rii·

622 1744 712 1821 didit,

253 1845 349 1921 Quem
366 1850 502 1921 egotam
518 1842 646 1904 consilio
664 1844 787 1903 missum
801 1844 878 1903 feei:
898 1842 983 1905 idem
997 1845 1076 1905 huna
1088 1800 1185 1941 opali

621 1945 685 2001 rim
701 1940 789 2000 dabo

250 2031 349 2094 Adest
361 2035 512 2096 Pirmeno
528 2057 595 2096 cnm
611 2039 733 2118 prieris.
755 2039 836 2098 hune
849 2038 1017 2100 minumest
1031 2055 1097 2120 opna
1153 1996 1184 2141 {R

252 2131 285 2190 in
303 2132 360 2190 hic
374 2150 410 2190 re
426 2130 551 2192 adesse:
572 2153 642 2193 nam
661 2134 733 2195 ‹ilim
749 2134 808 2195 soh
822 2134 952 2214 credidi,
1101 2108 1160 2197 iit!

249 2229 295 2288 Ei
308 2247 359 2288 me
373 2230 584 2290 abstinuisse
574 2250 604 2289 ιιι
619 2234 790 2314 principio,
813 2236 904 2312 quem
919 2232 1036 2294 datast·

249 2325 388 2405 Vareia,
411 2328 439 2386 si
455 2324 620 2387 clamorem
637 2330 701 2390 eins
715 2331 766 2390 hic
782 2331 893 2391 crebro
909 2328 1024 2409 αιἰἀίαί,

249 2422 295 2484 Ne
309 2426 465 2504 parturire
480 2424 651 2504 intellegat.
677 2427 779 2507 aliqui
795 2428 900 2487 mihist

247 2522 329 2583 Hine
344 2522 548 2603 thiegandns,
570 2524 642 2584 duim
657 2527 739 2605 parit
752 2524 945 2586 Philrimena.

340 2690 536 2753 Psnnano.
579 2692 704 2753 Sosm.
748 2692 983 2755 Ριιιιιιιιιι.

93 2813 241 2876 marm.
254 2816 314 2875 Ain
330 2819 363 2877 tri
379 2817 435 2876 tibi
450 2817 509 2876 hoc
524 2816 746 2877 incimmodnm
763 2821 905 2877 euenisse
920 2818 1006 2878 iteri
1099 2808 1148 2877 tn'

162 2911 213 2972 So.
254 2911 322 2972 Non
344 2912 452 2973 hercle
474 2917 593 2992 uerbis,
616 2915 783 2994 Parmeno,
806 2914 869 2975 dici
885 2923 991 2996 potest

254 3008 404 3087 Tantim,
427 3030 568 3089 quamne
589 3013 655 3091 ipsa
676 3014 821 3091 minigare
842 3011 1097 3074 incimmndnmai·
1155 3013 1183 3073 Ρ

159 3105 235 3168 Pan.
252 3107 391 3167 Itanest?
414 3108 465 3169 So.
478 3109 695 3188 Oiortnntte,
715 3112 817 3171 nescis
839 3109 914 3190 qnid
935 3110 1010 3172 mali

133 3227 145 3266 ι
250 3203 474 3282 Praeterieris,
499 3208 551 3285 qui
570 3210 733 3288 nimquam
754 3227 788 3269 es
808 3210 968 3288 ingressis
989 3228 1080 3273 mare.
1155 3236 1159 3257 ι

249 3299 325 3361 Nam
348 3301 422 3363 aliis
443 3311 475 3362 nt
492 3305 609 3364 mittam
632 3308 781 3386 miserias,
803 3307 1137 3371 unanimantem

252 3397 325 3459 Dies
346 3401 472 3477 triginta
494 3409 547 3460 ant
566 3401 637 3482 plis
658 3423 696 3464 en
717 3407 749 3464 ln
770 3409 841 3467 nani
859 3407 915 3485 ini,
