2386 3810
125 189 146 253 4
445 188 552 249 vira
586 188 814 250 TERENTH.

73 365 116 432 (a)
212 360 331 432 Scripsit
349 359 513 416 comoedias
532 379 598 429 sex,
615 378 652 416 ex
669 363 769 432 quibus
785 361 903 430 primam
915 359 1051 414 Andriam
1069 378 1074 412 i

127 444 265 501 aedilibus
284 445 377 512 daret,
394 444 489 498 iussus
507 451 570 500 ante
584 444 701 500 Caecilio
719 445 836 498 recitare
854 442 891 496 ad
908 449 1054 498 cenantem
1069 461 1074 495 i

128 530 267 596 uenisset,
286 528 376 584 dictus
388 534 431 583 est
442 527 548 582 initium
560 527 673 598 quidem
691 528 816 593 tabulae,
834 526 909 595 quod
921 532 980 581 erat
991 533 1074 582 conte

126 612 198 667 tiore
216 613 336 680 uestitu,
363 613 496 667 subsellio
520 611 596 666 iuxta
618 612 748 665 lectulum
771 609 901 664 residens
926 611 1047 681 legisse,
1068 628 1074 680 ]

97 709 232 766 5paucos
245 712 312 750 uero
324 711 424 750 uersus
436 694 567 749 inuitatus
579 701 608 749 ut
619 694 796 749 adcumberet
807 709 926 747 cenasse
939 709 1012 760 una,
1028 691 1074 747 dei

127 785 221 834 cetera
242 779 418 849 percurrisse
440 794 498 832 non
520 779 580 834 sine
602 793 705 850 magna
729 775 840 833 Caecilii
862 776 1057 850 admiratione.

125 861 199 918 hanc
225 868 317 918 autem
342 868 369 916 et
395 863 518 933 quinque
543 861 666 932 reliquas
690 863 842 932 aequaliter
863 861 968 931 populo
991 863 1074 931 proba

126 945 262 1013 Quamuis
273 945 417 1000 Volcatius
433 945 468 1000 de
480 946 688 1000 enumeratione
702 945 824 1000 omnium
840 944 877 998 ita
889 945 1006 999 scribat:

169 1027 299 1100 Sumetur
312 1044 347 1084 ex
360 1028 406 1084 his
417 1028 528 1100 Hecyra
541 1034 620 1084 sexta
632 1027 735 1083 fabula.

80 1121 117 1174 10
124 1111 277 1167 Eunuchus
295 1112 408 1183 quidem
423 1113 467 1183 bis
488 1151 496 1167 .
516 1151 524 1167 .
547 1118 609 1167 acta
626 1119 670 1168 est
681 1112 835 1181 meruitque
846 1112 979 1181 pretium,
998 1128 1072 1181 quan

126 1198 203 1251 nulla
213 1201 296 1250 antea
307 1197 471 1266 cuiusquam
483 1195 646 1263 comoedia,
663 1194 794 1250 uidelicet
810 1201 873 1249 octo
884 1195 961 1249 milia
972 1210 1074 1248 nummi

125 1285 277 1353 propterea
294 1295 404 1334 summa
423 1294 534 1350 quoque
552 1280 628 1334 titulo
647 1279 804 1334 ascribitur.
848 1277 919 1332 Nam
937 1278 1074 1350 Adelphor

124 1363 294 1435 principium
308 1364 400 1418 Varro
412 1364 495 1417 etiam
506 1365 629 1433 praefert
639 1363 777 1433 principio
789 1361 946 1416 Menandri.

141 1474 143 1481 ·
209 1447 273 1502 Non
290 1449 411 1503 obscura
424 1448 498 1501 lama
509 1453 553 1500 cst
564 1446 689 1501 adiutum
699 1445 858 1500 Terentium
871 1446 898 1499 in
910 1446 1021 1516 scriptis
1034 1462 1052 1499 a
1064 1446 1074 1498 1

83 1539 116 1594 15
127 1533 166 1586 lio
184 1537 211 1586 et
228 1530 379 1601 Scipione:
396 1544 513 1600 eamque
533 1529 593 1600 ipse
605 1531 697 1584 auxit:
719 1545 869 1599 numquam
882 1530 955 1584 enim
968 1529 1022 1583 nisi
1034 1530 1074 1582 ter

128 1631 159 1670 se
172 1615 253 1668 tutari
265 1620 395 1680 conatur,
409 1620 438 1668 ut
449 1613 476 1667 in
486 1615 604 1686 prologo
617 1612 825 1683 Adelphorum:

168 1698 239 1753 Nam
251 1698 384 1767 quddristi
397 1697 492 1752 dicunt
502 1696 639 1764 maliuoli,
652 1696 780 1751 homines
792 1694 893 1750 nobilis

168 1781 247 1834 Hune
262 1779 388 1836 adiutare
400 1778 643 1857 adsiduequesuna
656 1777 794 1836 serriiere:

170 1863 252 1930 Quod
264 1861 304 1918 illi
316 1864 492 1919 maledictum
506 1863 622 1918 ue'mens
634 1879 693 1918 esse
703 1861 879 1931 existumant,

80 1957 117 2008 20
169 1947 240 2000 Eam
254 1947 367 2001 laddem
378 1946 424 2000 hic
436 1947 512 2000 ducit
524 1944 697 2014 maxumam,
717 1964 799 2018 quom
812 1943 867 2002 itn's
878 1948 979 2017 placet,

170 2030 222 2097 Oui
236 2030 316 2085 uobis
329 2029 470 2084 uniuersis
482 2036 509 2083 et
519 2030 623 2100 populd
635 2031 760 2099 placent:

169 2111 292 2181 Quorum
305 2113 392 2184 opera
403 2113 430 2167 in
441 2114 529 2180 bello,
543 2113 570 2166 in
583 2113 654 2176 otio,
672 2114 701 2166 in
713 2113 825 2185 negotio

169 2195 227 2252 Suo
240 2194 358 2268 quisque
371 2203 494 2267 tempore
509 2197 588 2252 risust
600 2197 661 2251 sinc
673 2197 814 2266 superbia.

126 2280 245 2334 Videtur
261 2287 354 2336 autem
372 2297 403 2334 se
421 2280 511 2334 leuius
531 2280 709 2347 defendisse,
729 2281 795 2350 quia
807 2280 914 2335 sciebat
925 2278 1020 2332 Laelio
1033 2284 1074 2333 et}

81 2373 115 2426 25
127 2365 203 2434 pioni
222 2381 276 2418 non
296 2366 431 2434 ingratam
444 2381 508 2419 esse
525 2365 598 2419 hanc
613 2365 787 2434 opinionem:
812 2380 884 2433 quae
896 2370 989 2416 tamen
1000 2363 1075 2434 magi

71 2454 114 2518 (3)
129 2464 216 2517 usque
234 2447 272 2501 ad
289 2448 445 2518 posteriora
463 2454 588 2518 tempora
605 2448 702 2503 ualuit.
743 2446 773 2504 C.
792 2447 939 2500 Memmius
959 2447 987 2500 in
1004 2449 1073 2501 orati

127 2547 177 2601 pro
190 2546 221 2585 se
234 2532 272 2584 ait
284 2533 328 2586 εΡ.
340 2531 499 2594 Africanus,
513 2533 559 2603 qui
571 2549 588 2586 a
600 2532 730 2586 Terentio
742 2546 893 2601 personam
907 2536 1047 2584 mutuatus
1060 2547 1074 2601 q

127 2615 202 2668 domi
215 2615 319 2669 luserat
330 2615 391 2685 ipse
404 2617 515 2670 nomine
535 2617 608 2670 illius
627 2618 655 2668 in
671 2632 785 2670 scenam
801 2610 921 2667 detulit'.
953 2614 1049 2684 Nepos
1068 2631 1074 2669 a

58 2699 67 2705 '
125 2705 185 2753 tore
201 2706 280 2754 certo
297 2701 469 2769 comperisse
489 2717 519 2754 se
537 2700 589 2765 ait,
608 2697 638 2753 C.
651 2700 774 2754 Laelium
787 2697 928 2768 quondam
940 2699 967 2751 in
980 2700 1074 2753 Puteol

81 2792 116 2844 30
128 2782 254 2836 calendis
266 2783 372 2837 Martiis
384 2783 555 2836 admonitum
568 2785 602 2836 ab
615 2799 717 2849 uxore,
732 2783 882 2851 temperius
894 2786 922 2833 ut
934 2781 1074 2836 discumbe

126 2867 232 2935 petisse
247 2868 281 2920 ab
301 2883 335 2921 ea
347 2883 381 2918 ne
392 2866 627 2934 interpellaretur:
646 2868 737 2921 serius
751 2865 863 2920 tandem
877 2867 1038 2935 ingressum
1050 2872 1073 2919 tr

69 2955 88 2987 ··‘
126 2949 203 3002 nium
221 2949 328 3005 dixisse
346 2966 402 3002 non
421 2964 507 3020 saepe
527 2950 554 3003 in
578 2951 726 3004 scribendo
746 2950 837 3019 magis
862 2951 1037 3004 successisse
1063 2969 1074 3004 s

129 3032 231 3086 deinde
244 3040 369 3104 rogatum
381 3039 409 3086 ut
422 3034 524 3102 scripta
537 3034 583 3087 illa
593 3035 730 3104 proterret
740 3033 939 3105 pronuntiasse
952 3050 1067 3101 uersuS‚

128 3118 230 3171 suntin
244 3117 568 3170 Heautontimorumeno:

81 3220 116 3275 35
171 3215 246 3270 Satis
259 3215 304 3285 pdl
318 3221 447 3284 proterue
459 3214 503 3268 me
516 3215 581 3286 Syri
595 3212 735 3286 promissa
746 3214 801 3270 huc
814 3215 993 3269 induxerunt.

75 3302 118 3366 (4)
130 3299 232 3355 Santra
246 3299 403 3353 Terentium
423 3299 575 3364 existimat,
597 3301 620 3354 si
638 3300 721 3354 modo
741 3301 770 3353 in
789 3300 939 3355 scribendo
958 3298 1074 3353 adiutori

128 3383 294 3455 indiguerit,
316 3399 372 3439 non
390 3390 444 3437 tam
462 3383 595 3455 Scipione
620 3389 648 3438 et
663 3384 757 3439 laelio
776 3385 816 3438 uti
833 3385 973 3452 notuisse,
997 3383 1045 3455 qui
1068 3388 1074 3437 1
