2386 3810
147 144 188 207 us
506 135 793 201 uvuvuuvs.
992 108 1176 188 wat-u·

237 315 282 375 vt
304 332 361 392 ego
378 312 528 390 unguibus
546 306 640 367 facile
659 305 707 365 ssli
728 307 761 365 in
785 302 890 366 oculos
910 303 1049 365 inuelem
1066 305 1150 364 uend-

608 405 683 464 iieu!

153 509 210 569 Pu.
238 509 349 568 Nescio
366 506 440 588 quid
454 506 595 587 profecto
615 504 742 562 absente
759 503 847 561 udbis
868 503 1056 563 turbatdmst
1070 502 1150 562 domi.

237 607 348 668 Adibo.
384 605 457 686 quid
477 605 581 665 istuc?
610 601 683 681 quid
704 601 853 660 festinas?
882 604 935 660 arit
956 621 1047 680 quem
1069 620 1152 683 quae·

611 702 670 776 ris,
691 697 840 777 Pythias?
1108 708 1153 762 650

153 800 209 862 Pu.
240 803 339 863 Ehem
361 800 528 878 Phaedria,
556 818 613 877 ego
634 817 724 876 quem
746 796 911 874 quaeram?
939 797 984 854 in'
1007 797 1153 876 hincque

612 896 730 973 diguu‘s
750 915 818 953 eum
838 893 926 953 donis
947 895 1010 954 tuis

112 1011 137 1052 10
242 997 319 1055 Tum
339 996 475 1076 ldpidis‘?
514 995 572 1055 Pu.
595 992 674 1070 Quid
696 995 775 1052 istuc
798 993 846 1052 e'st
866 991 937 1050 rei?

152 1093 207 1155 Pu.
237 1095 338 1172 Rogas
360 1095 431 1154 me?
454 1095 625 1154 eunuchum
640 1095 730 1172 que'm
754 1091 868 1151 dedisti
889 1091 978 1152 udbis
1000 1111 1076 1171 quas
1097 1099 1155 1151 tur-

613 1193 666 1250 bis
688 1189 789 1250 dedit!

238 1287 416 1368 Virginem,
438 1307 510 1349 erae
535 1307 621 1367 quam
646 1287 726 1347 dduo
746 1286 877 1347 dederat
897 1285 1003 1364 mdes,
1030 1287 1154 1348 uitiauit

608 1385 665 1445 Pu.
688 1385 769 1461 Quid
789 1385 854 1444 uis‘.²

154 1483 209 1543 Pu.
238 1483 333 1546 Perii.
383 1482 441 1544 Pu.
461 1481 681 1544 Temulenta's.
730 1482 784 1542 Pu.
807 1481 932 1544 Vtinam
956 1485 1001 1544 sic
1021 1484 1086 1544 siut
1110 1482 1155 1562 qui

609 1583 683 1640 mihi
704 1580 784 1641 mdle
805 1581 922 1641 uolunt.
1111 1592 1154 1647 655

152 1681 210 1740 Do.
239 1683 288 1741 Au
316 1682 462 1760 dbsecm,
492 1701 560 1743 mea
585 1682 728 1763 Pythias,
762 1679 845 1759 quod
871 1684 949 1742 istuc
978 1701 1050 1743 uam
1077 1702 1154 1744 muu-

604 1782 702 1841 strrim
723 1779 807 1843 fuit?

110 1886 135 1928 15
153 1873 209 1934 Pu.
238 1875 370 1936 lusinis:
394 1880 446 1954 qui
468 1880 547 1938 istuc
569 1879 673 1938 faeere
696 1877 853 1938 eunuchus
869 1878 993 1956 putuit?
1022 1879 1078 1942 Pu.
1095 1880 1175 1958 Ege

603 1974 691 2034 illum
711 1977 816 2035 nescio
1172 1978 1178 1985 ’

238 2070 296 2145 Qui
318 2070 429 2129 frierit:
457 2071 516 2130 hoe
537 2070 618 2149 quod
640 2073 732 2150 feeit,
755 2092 806 2133 res
826 2074 893 2153 ipsa
914 2072 1040 2136 iudicat.

237 2166 333 2244 Virgo
352 2170 419 2247 ipsa
439 2166 590 2228 lacrumat
612 2171 730 2249 neque,
754 2190 844 2249 quom
866 2173 999 2251 rogites,
1024 2174 1099 2254 quid
1119 2175 1153 2233 sit

603 2267 695 2328 audet
715 2268 829 2329 dicere.

236 2360 294 2421 ille
317 2363 419 2422 aritem
445 2366 541 2424 bouus
564 2367 611 2424 uir
633 2370 781 2446 misquum
804 2367 940 2447 adparet.
967 2371 1079 2432 etiam
1099 2372 1151 2431 hoe

603 2465 714 2523 misera
736 2466 885 2543 suspicor,
1037 2546 1042 2552 ἢ
1106 2476 1152 2532 660

235 2555 362 2636 Aliquid
380 2556 470 2618 domo
486 2561 648 2629 abeuntem
667 2561 838 2623 rtbstulisse.
873 2563 930 2623 Pu.
952 2563 1083 2643 quueo
1101 2566 1152 2624 mi-

592 2658 655 2716 rari
676 2659 760 2735 satis,

238 2752 304 2826 Quo
318 2751 386 2813 illio
402 2755 488 2814 abire
506 2756 632 2832 iguduos
646 2757 746 2835 possit
764 2754 902 2836 ldugius,
917 2759 978 2817 uisi
993 2763 1020 2819 si
1035 2758 1151 2819 domum

234 2847 327 2909 Forte
344 2849 381 2909 td
403 2871 459 2912 uos
480 2850 585 2911 rediit.
622 2853 677 2911 Pu.
701 2854 775 2914 Vise
789 2855 910 2931 amabo,
931 2856 1006 2916 urim
1020 2859 1070 2920 sit.
1098 2859 1149 2918 Pu.

602 2951 662 3008 lam
684 2951 752 3010 ferd
773 2954 861 3014 scies

148 3041 205 3105 Do.
236 3043 338 3123 Perii,
361 3048 508 3126 dbseero,
530 3054 592 3108 tam
613 3051 769 3110 infindum
792 3053 926 3131 facinus,
949 3057 1092 3130 meatu,
1115 3073 1151 3116 ue

553 3140 556 3146 ’
602 3146 705 3210 audiui
728 3148 859 3228 quidem.

147 3235 203 3298 Pr.
232 3239 274 3297 At
289 3238 354 3319 ypdl
376 3261 433 3321 ego
456 3246 608 3304 amatores
636 3265 688 3305 eos
716 3245 878 3307 mulierum
906 3249 975 3310 esse
999 3251 1152 3312 audieram

597 3348 761 3424 maxumus,
1104 3356 1151 3414 665
