2386 3810
65 159 208 213 nie-ee
427 156 636 218 ANDRIA.
992 159 1034 222 33

110 329 185 390 Tibi
206 324 318 388 uideor
339 345 423 405 esse,
447 326 537 405 quem
558 330 620 384 tam
640 325 884 406 aperte‘fillere
905 328 1035 409 incipite

484 421 587 483 dolis‘.²

109 522 228 586 Saltem
255 527 417 603 tecente,
445 530 480 583 nt
508 524 604 582 metui
630 521 738 584 uidear
759 526 863 604 certe,
892 527 919 586 si
937 528 1035 587 resci-

496 623 603 682 nerim.

62 745 81 784 i.
111 724 207 785 Certe
229 720 338 783 hercle
359 742 441 782 nnnc
462 722 513 780 nic
533 738 567 779 se
588 724 672 799 ipsus
687 719 785 796 fallit,
799 722 882 782 hniid
896 741 963 802 ege.
988 724 1076 785 S1.15

480 818 572 880 Enixi
591 820 659 897 tini,
982 831 1034 885 495

107 920 325 980 Interminatus
354 921 437 996 nim,
465 937 505 979 ne
522 918 659 978 faceres:
687 918 760 978 mim
782 920 933 979 ueritu’s‘?
961 921 1034 1000 quid

484 1019 521 1076 re'
540 1014 635 1077 tulit?

109 1115 234 1178 Creddn
257 1117 314 1176 tibi
334 1117 394 1176 hee
415 1135 513 1193 nune,
534 1116 696 1195 peperisse
718 1117 797 1177 hene
817 1115 1034 1197 ePtmphile‘i

62 1236 81 1276 i.
109 1216 218 1276 Tened
247 1214 321 1294 qnid
350 1221 452 1292 erret,
480 1216 511 1274 et
534 1213 608 1292 qnid
630 1233 715 1294 agam
736 1215 845 1276 habeo.
883 1216 925 1277 S1.
955 1213 1035 1292 Quid

486 1314 593 1373 iaces?

62 1432 82 1472 i.
110 1412 191 1490 Quid
213 1411 345 1472 ere'dasi
365 1411 452 1490 qnasi
471 1430 533 1471 non
552 1411 609 1471 tibi
630 1411 805 1471 renuntittn
822 1411 884 1469 sint
897 1411 975 1471 haec
989 1414 1033 1471 sic

482 1512 561 1570 iore.

62 1657 65 1669 .
107 1609 211 1669 Mihin
239 1609 424 1688 qnisquam?
450 1608 510 1667 Di.
538 1608 606 1667 Ehe
633 1626 670 1665 an
697 1612 764 1666 inte
791 1603 947 1667 intellexti
973 1609 1033 1668 hec
1051 1625 1077 1666 20

482 1700 682 1763 tdsimnlnri‘?
704 1702 745 1762 Sn.
769 1702 917 1765 lnrideor.
982 1714 1033 1768 500

62 1825 82 1864 i.
108 1804 374 1864 Rendntiatnmst:
393 1807 464 1862 nim
488 1803 539 1880 qui
560 1803 618 1861 tibi
638 1803 734 1862 istaec
752 1802 861 1863 incidit
881 1806 1032 1884 suspitio?

62 1952 65 1964 .
108 1903 189 1980 Qui?
212 1905 281 1981 quie
301 1908 334 1962 te
355 1920 471 1960 noram.
503 1900 561 1960 ΒΑ.
584 1900 678 1976 Qnisi
699 1906 733 1959 tn
750 1899 849 1979 dices,
872 1901 985 1962 fictum
999 1902 1033 1962 id

484 1995 611 2057 eonsilid
631 2015 709 2057 mee.
755 2024 759 2028 ·

62 2144 67 2156 .
108 2098 204 2157 Certe
228 2097 308 2155 enim
330 2097 403 2156 scie.
437 2096 496 2157 ΒΑ.
517 2095 585 2155 Non
607 2096 680 2154 sitis
699 2113 748 2154 me
767 2097 908 2175 pernosti
929 2097 1032 2175 etiem,

483 2191 581 2272 qualis
604 2196 676 2271 sim,
698 2193 792 2253 Simo.

62 2339 66 2351 .
107 2292 196 2370 Egon
217 2291 272 2351 tei
294 2291 353 2353 Dn.
376 2288 439 2349 Sed
462 2289 564 2368 siquid
585 2291 643 2351 tibi
663 2308 791 2350 narrare
813 2291 937 2370 occepi,
960 2311 1033 2351 een-

483 2388 569 2447 tinud
591 2386 658 2446 deri

109 2486 183 2546 Tibi
197 2487 293 2545 uerba
314 2505 423 2547 censes
444 2484 540 2546 filso:
560 2487 665 2563 itaque
681 2485 789 2546 hercle
807 2485 852 2545 nil
873 2488 934 2547 iam
950 2494 1030 2549 mut·
1048 2505 1073 2545 25

250 2659 253 2664 Ι
480 2586 542 2646 tire
565 2583 674 2644 ntideo.
981 2596 1032 2649 505

62 2733 67 2746 .
109 2685 178 2745 llee
206 2685 263 2763 e'ge
292 2686 355 2744 scio
385 2704 494 2762 unum,
520 2684 675 2743 neminem
695 2684 857 2762 peperisse
879 2683 939 2743 nic.
971 2684 1030 2746 lin.

480 2781 649 2843 Intellexti.
667 2811 669 2815 ¹

108 2880 172 2943 Sed
206 2879 271 2941 nile
306 2882 403 2942 setliis
436 2902 506 2942 mex
540 2899 669 2962 puerum
701 2881 762 2939 hue
789 2876 934 2940 deferent
960 2886 1032 2940 ente

481 2981 600 3040 (istium.

106 3075 141 3138 ld
160 3077 217 3157 dge
239 3079 298 3137 iam
319 3097 400 3138 nunc
416 3080 493 3158 tibi,
515 3081 585 3156 ere,
608 3079 752 3137 renuntid
767 3077 921 3156 futurum,
942 3084 977 3137 ut
990 3079 1032 3136 sis

105 3176 110 3185 '
481 3178 593 3254 sciens,

103 3270 154 3333 Ne
175 3277 210 3333 tn
229 3274 289 3332 hde
309 3275 465 3353 posterius
488 3274 570 3334 diens
590 3274 667 3332 Dani
688 3273 802 3333 fictum
826 3270 954 3332 consilio
979 3270 1032 3330 edi

484 3369 579 3431 dolis:

105 3458 273 3517 kusins.
807 3453 830 3516 3
