2392 3968
167 136 229 202 146
332 174 338 183 ι
417 135 603 198 HEAVTON
626 134 914 198 Tmouvuffluos.
996 138 1161 210 mul-tt

505 739 835 832 Antistii.

391 938 612 1000 Gfluuuus.
656 938 947 1000 Murcuuuva.

96 1109 160 1164 1111
174 1107 231 1169 Gru.
253 1105 390 1166 Luciscit
410 1105 470 1164 hoc
491 1107 560 1165 ium.
584 1105 671 1167 cdssu
692 1103 814 1186 pultare
837 1106 948 1167 datium
1122 1114 1158 1168 m

249 1202 363 1279 Vicini,
385 1202 485 1283 primo
506 1221 544 1262 ex
565 1219 614 1261 me
635 1204 670 1263 ut
691 1204 768 1263 sciat
789 1204 849 1264 sibi
869 1201 969 1264 fsstum

249 1299 403 1361 Redisse?
425 1301 485 1360 etsi
508 1298 739 1360 adulescentem
760 1300 821 1360 hoc
840 1298 927 1361 nolle
948 1298 1112 1380 intellego.

249 1400 367 1461 Verium
383 1419 474 1477 quom
489 1397 611 1459 uideam
628 1403 776 1459 mtserum
791 1399 874 1459 huuc
888 1406 951 1460 tam
966 1397 1153 1460 excrucitriu

139 1519 152 1557 5
250 1500 326 1560 Eius
349 1499 443 1577 abitu,
466 1496 566 1558 celem
587 1504 649 1557 tam
671 1500 862 1577 insperatum
882 1496 1040 1577 gaudium,

251 1598 349 1672 Quom
371 1595 420 1656 illi
440 1595 553 1676 pericli
575 1594 620 1655 nss
639 1614 677 1655 ex
697 1593 813 1655 iudicid
833 1596 915 1656 ciet?
1122 1601 1155 1657 tu

250 1693 343 1755 Haud
363 1695 487 1756 ficiam:
512 1715 582 1756 uam
605 1692 686 1772 quud
706 1696 818 1774 pdtero
839 1691 982 1755 adiutubd
1005 1713 1118 1759 senem.

248 1793 325 1852 Item
347 1800 382 1853 ut
403 1791 504 1853 filium
525 1811 625 1854 meum
647 1793 744 1852 amico
767 1797 860 1871 atque
880 1791 1002 1870 aequali
1024 1814 1081 1855 suu

249 1889 351 1951 Video
373 1891 527 1950 inseruire
550 1898 583 1953 et
599 1891 716 1951 aicium
735 1907 804 1950 esse
823 1892 855 1950 iu
876 1892 1024 1971 uegdtiis,

128 2004 152 2047 10
250 1986 313 2047 Nos
336 1990 458 2066 queque
481 2007 572 2049 senes
595 1996 644 2049 est
666 1990 795 2068 ae'quum
816 1990 942 2049 senibus
965 1992 1106 2072 duaequi.

165 2085 230 2146 Mu.
251 2087 313 2145 Aut
337 2087 393 2164 ego
415 2086 558 2165 profecto
580 2088 705 2166 iugenio
729 2087 856 2166 egregio
878 2084 917 2146 ad
939 2090 1082 2150 mtseriau
1121 2096 1156 2151 tit

250 2183 347 2244 Nattis
369 2203 446 2263 uum,
468 2190 520 2243 aut
538 2182 617 2244 illud
639 2182 790 2262 iilsumst‚
813 2183 896 2263 quud
916 2182 1010 2263 uulgo
1031 2183 1119 2249 audio

251 2280 330 2358 Dici,
354 2280 437 2341 diem
456 2279 594 2340 adimere
616 2279 842 2360 aegritudinem
863 2282 1059 2343 huminibus:
1122 2341 1125 2347 Α

251 2378 327 2438 Nam
346 2379 422 2439 mihi
445 2379 570 2459 quidem
593 2378 707 2440 cotidie
730 2383 866 2458 augescit
887 2381 983 2459 magis

126 2491 151 2532 15
250 2477 297 2536 De
318 2476 387 2537 filio
409 2478 582 2558 aegrituido‚
605 2486 637 2538 et
659 2485 772 2557 quanto
794 2477 910 2539 diutius

250 2577 359 2657 Abest,
382 2580 477 2658 magis
500 2581 589 2659 cupio
611 2583 697 2638 tinto
720 2586 753 2639 et
775 2580 870 2658 magis
893 2576 1051 2640 desidero.
1120 2583 1154 2641 ut

166 2679 224 2741 cn.
252 2679 316 2739 Sed
336 2684 436 2761 ipsum
458 2680 542 2741 forus
564 2681 722 2760 egressum
743 2679 852 2741 uideo:
873 2681 936 2760 ibo,
958 2677 1114 2760 ddluquar.

249 2776 448 2856 Meneddme,
471 2777 571 2838 salue:
594 2778 734 2838 mintium
756 2776 886 2858 adportt
908 2777 976 2855 tibi,

253 2877 369 2951 Quoius
390 2881 529 2938 mixume
552 2884 584 2936 te
603 2877 677 2937 sieri
699 2879 882 2957 participem
905 2878 1002 2957 cupis.

126 2979 152 3020 2⁰
166 2972 231 3033 Mu.
252 2973 408 3052 Numquid
429 2994 498 3034 nam
521 2973 561 3033 de
581 2994 649 3034 meo
672 2979 762 3052 gnato
783 2973 937 3051 audiuisti,
960 2971 1127 3034 chremest

166 3068 223 3131 cn.
252 3067 346 3130 Valet
357 3075 449 3150 aitque
462 3071 549 3131 uiuit.
572 3073 638 3132 Mu.
654 3056 715 3132 v'bi
730 3080 830 3133 uamst
851 3071 988 3153 quaeso?
1012 3072 1071 3134 Cu.
1084 3056 1151 3150 Aput

624 3171 673 3230 md
696 3170 788 3230 dumi.
1118 3172 1151 3229 ct

165 3264 231 3327 Mu.
251 3265 342 3326 Meus
364 3269 495 3346 guitur?
524 3269 582 3330 Gra.
602 3267 654 3327 Sic
676 3275 733 3328 cst.
761 3269 826 3332 Mu.
843 3268 962 3330 Ve'uit?
993 3268 1054 3330 Cu.
1070 3269 1151 3330 cmc

624 3367 687 3427 Mu.
709 3365 809 3426 Clinia
