2386 3810
72 189 137 247 v111
485 191 665 233 rnsarfflo

69 356 245 418 prosopoar.
258 356 291 415 p.
304 337 364 400 205
375 356 438 415 sqq.
524 339 562 398 14
573 355 616 413 sq.
629 334 807 416 Actaeone]
820 334 986 401 Auctione
997 340 1082 400 Sca-

73 444 150 514 cruet·
175 441 196 496 1.
217 440 238 496 l.
259 434 385 496 notione
403 439 448 497 uel
466 432 679 497 translatione
703 436 839 510 Humerus
860 438 898 498 dc
921 439 952 496 C.
977 439 1083 511 Vatqii

73 538 144 608 Rufi
166 538 311 611 poematis
330 552 362 609 p.
384 533 443 594 160
463 537 538 594 comt.
556 552 589 608 p.
611 535 672 595 443
764 533 802 594 16
829 539 904 604 tneo
922 535 960 593 F.
988 534 1083 603 mm.-

76 634 287 694 discirmanuus
304 632 404 692 Musei
422 632 519 692 naeu.
539 632 561 691 Ι
579 634 667 703 (unni
686 630 779 703 1833)
797 649 830 707 p.
852 631 926 704 113,
947 635 1018 692 item
1039 633 1082 693 H.

73 733 189 793 Keilius
207 731 302 793 diarii
319 733 386 790 crit.
401 731 476 789 Hal.
497 746 526 788 a.
540 717 630 788 '1849
652 746 690 788 m.
710 729 818 789 Martii
830 746 868 804 p.
887 729 961 789 470.
984 725 1083 790 haec

76 828 151 890 Oua.
235 831 393 889 notantur
413 827 538 887 Botirius
589 899 592 903 .
621 823 755 886 cuiaene
775 831 851 887 sunt
869 828 958 888 idem.
982 825 1083 888 cuiae

76 928 153 984 sunt
169 941 195 982 ε.
213 921 304 983 cuius
327 927 404 982 sunt
424 919 504 983 oedo
518 923 670 983 Erasmus.
688 918 740 982 dio
754 921 841 982 cuiu'
864 927 940 982 sunt
952 923 1083 985 Ouden-

75 1021 207 1095 dorpius.
234 1038 300 1080 non
320 1022 396 1078 sunt
415 1025 490 1079 tuae
509 1021 627 1080 Keilius
713 1020 751 1079 17
772 1036 880 1079 nonne
900 1021 992 1080 idem.
1011 1039 1083 1083 non

75 1138 91 1177 ε
112 1119 201 1191 Oua,
226 1118 357 1178 Necatus
383 1119 415 1177 in
440 1121 576 1177 carmina
603 1119 718 1177 Valerii
735 1116 851 1177 Catonis
872 1135 906 1193 p.
929 1118 992 1178 210

75 1213 208 1297 Poplius
231 1211 331 1276 dabat
351 1211 502 1295 gentibus
523 1217 640 1288 scripsi.
657 1208 791 1273 Poblius
807 1211 961 1292 gentibus
978 1212 1084 1293 debat

75 1313 220 1387 Scaliqcr.
244 1308 371 1394 populis
392 1305 572 1371 fetentibus
595 1306 695 1370 debat
709 1311 774 1370 cod.
799 1310 878 1370 Dan.
897 1319 968 1372 teste
978 1312 1082 1384 Sciro7

69 1427 158 1485 peno.
179 1406 307 1491 populis
327 1404 571 1470 recensentibus
595 1405 655 1488 (uel
674 1403 952 1489 recenscentibus)
977 1405 1084 1472 dabat

77 1524 101 1564 ε.
117 1503 245 1587 populis
261 1500 427 1566 consultus
450 1499 548 1562 dabat
567 1503 722 1563 Erasmus.
741 1501 872 1584 regibus
894 1509 927 1562 et
945 1503 1082 1588 populis

76 1598 174 1662 dabat
183 1604 299 1663 Keilius
386 1603 424 1663 19
439 1596 636 1683 Apollodoro
649 1597 799 1682 Carystio
813 1598 993 1664 translatae
1006 1605 1083 1666 Bit-

74 1702 200 1760 schelius
220 1704 241 1761 t.
261 1705 280 1760 i.
296 1719 332 1776 p.
355 1699 425 1760 325.

157 1890 196 1949 In
208 1891 383 1962 fabularum
396 1894 530 1965 ipsarum
544 1895 712 1952 recensione
727 1907 792 1952 eam
806 1899 920 1950 secatus
939 1910 1004 1953 sum
1019 1914 1082 1955 ra-

75 1989 180 2044 tionem
197 2003 257 2060 qua
273 1991 303 2046 in
319 1989 488 2048 exercenda
504 1994 569 2046 arte
585 1991 696 2064 critica¹
712 1988 888 2047 Terentiana
899 1992 1081 2063 meredian-

75 2083 145 2140 dum
166 2100 228 2142 csse
249 2083 347 2143 docuit
365 2084 541 2167 Fridericus
560 2083 737 2145 Bitscitelius
758 2087 790 2143 in
811 2086 1009 2160 disputatione
1029 2076 1081 2150 ‘de

74 2178 275 2238 emendatione
288 2179 466 2251 fabularum
492 2179 748 2239 Terentiauarum’
770 2197 858 2255 quam
880 2184 975 2244 indici
985 2187 1080 2246 scleo-

74 2279 172 2335 iaram
192 2277 460 2336 Vrutislauicmsiam
470 2278 660 2337 mammarum
676 2281 751 2356 anni
760 2278 993 2341 Macceffl
999 2285 1082 2345 VIH

69 2375 233 2451 praemisit.
258 2377 342 2432 cuius
369 2374 574 2448 disputationis
598 2377 674 2436 ilaec
694 2376 764 2448 sere
790 2393 904 2435 summa
929 2385 987 2437 cst:
1017 2383 1080 2443 dua

73 2488 136 2531 esse
155 2473 288 2532 codicum
305 2471 546 2533 Terentianorum
564 2491 691 2547 uenere,
712 2480 765 2533 aut
784 2482 853 2534 aute
869 2475 1009 2551 Calliopii
1021 2498 1079 2541 re-

73 2573 237 2630 censionem
262 2573 439 2644 scriptorum
458 2578 511 2630 aut
529 2588 569 2631 cx
591 2588 627 2630 ea
649 2575 718 2646 ipsa
736 2572 899 2630 ductorum.
920 2576 1001 2634 itlius
1017 2594 1081 2650 oc-

73 2669 155 2726 uerts
170 2669 256 2740 ionae
277 2670 403 2727 omnium
418 2671 650 2742 antiquissimum
670 2685 733 2727 esse
746 2667 933 2743 Romanum,
956 2676 1008 2732 cui
1020 2692 1080 2734 sa-

73 2767 110 2824 tis
137 2767 317 2836 confidenter
349 2767 562 2839 Victorinum,
590 2767 759 2824 dubitanter
780 2765 958 2826 Bitsclmlius
980 2773 1081 2845 tumuit

72 2860 281 2932 Decurtutum,·
305 2863 528 2936 impertinere
547 2864 630 2921 circa
650 2877 758 2920 nouum
779 2866 929 2921 succulum
950 2870 1080 2940 scriptos

73 2955 296 3032 Basilicanum,
326 2959 513 3030 Vaticanum,
538 2959 776 3031 Ambrosianum,
791 2957 938 3037 calliopii
951 2977 1080 3036 ommam

73 3055 140 3125 ipsu
166 3054 379 3130 subscriptore
400 3062 526 3114 testatos.
552 3072 618 3114 cam
644 3061 741 3114 numm
761 3071 824 3114 esse
843 3063 985 3118 naturam
1007 3063 1081 3121 iibri

73 3148 211 3210 Bembiui
230 3168 297 3212 cum
315 3153 507 3227 Calliopianis
526 3154 705 3226 comparati,
726 3156 759 3210 ut
777 3153 913 3210 universe
933 3160 962 3211 et
978 3171 1078 3226 yeme-

73 3249 162 3305 ratim
174 3249 320 3308 iudicanti
338 3252 453 3323 tenuius
473 3252 560 3308 etiam
574 3249 743 3309 aBemm'ni
753 3250 921 3321 imearitatc
938 3250 1081 3328 Calliopr'i

73 3347 204 3404 recensio
225 3347 336 3406 dr'starc
351 3362 447 3422 quum
457 3350 509 3405 itte
523 3347 624 3408 abesse
637 3364 658 3405 a
668 3347 798 3420 pristina
816 3345 995 3417 fabularum
1016 3350 1078 3410 Tc-

72 3443 278 3504 rentianarum
300 3447 396 3520 specie
413 3446 557 3518 uideatur,
578 3447 634 3505 lzoc
654 3451 697 3504 est
712 3447 798 3516 ionae
819 3445 973 3506 interuallo
995 3453 1077 3522 opti—
