2392 3968
162 173 204 238 ae
566 121 775 233 sunnin.
978 258 980 263 .
1010 169 1171 224 1136-25

249 341 332 403 Taim
359 339 434 403 illae
463 342 572 401 turbae
602 341 692 399 fient.
724 338 782 399 Pa.
809 335 938 414 Quiduis
963 336 1072 418 pitiar.
1105 334 1171 398 DA.

166 501 168 506 ,
617 437 713 497 Pater
731 442 796 515 est,
816 432 987 516 Ptmphile.
1113 440 1173 496 380

246 534 423 597 Difficilest.
455 541 520 596 tum
545 537 623 594 haec
644 531 739 593 sdlast
759 531 879 592 mulier.
911 530 1025 591 dictum
1046 550 1080 591 ac
1102 531 1173 591 fac·

617 638 681 692 tum
701 632 855 691 iuuduerit
1194 696 1195 701 η

248 711 390 811 Aliquam
418 749 554 809 causam,
583 748 671 808 quam
699 729 805 788 dhrem
832 728 924 787 eiciat
951 725 1074 808 cippido.
1107 725 1168 789 Pr.

617 824 739 886 Eicidt‘!
760 825 818 887 Du.
841 824 932 885 Cito.

162 922 219 982 Pa.
244 921 331 983 cedo
352 923 448 1003 igitur
468 922 543 1000 quid
560 923 688 1000 fdciam,
708 922 816 982 Daue?
842 920 901 980 Du.
921 920 1033 980 Dicte
1056 915 1166 981 ductu·

71 1092 73 1098 Α
618 1039 695 1081 rum.
727 1019 784 1081 Pa.
799 1018 888 1079 Hem.
910 1017 970 1079 DA.
992 1016 1074 1093 Quid
1096 1017 1167 1078 est!

123 1134 148 1175 :a
163 1117 219 1177 Pu.
246 1118 336 1196 Egon
357 1115 478 1177 dicam?
498 1117 557 1178 na.
578 1118 664 1194 Quor
678 1117 763 1177 non?
784 1116 840 1177 ΡΛ.
862 1115 1032 1195 Numquam
1045 1115 1160 1177 faciam

616 1215 675 1274 Du.
696 1215 744 1275 Ne
764 1231 851 1291 nega.

162 1307 216 1370 Pa.
246 1308 384 1372 Suadere
405 1309 479 1371 noli.
500 1310 559 1370 lia.
581 1311 627 1370 lix
649 1313 686 1370 et
704 1330 740 1371 re
761 1309 925 1390 quidest,
945 1306 1028 1369 uide.
1116 1315 1166 1371 dds

161 1405 219 1465 Pu.
243 1405 288 1468 vt
308 1408 345 1466 ab
366 1405 421 1468 illa
443 1405 604 1485 excludar,
623 1407 684 1466 huic
706 1404 881 1467 concludar.
902 1405 961 1465 Du.
979 1403 1049 1463 Ndn
1066 1403 1149 1464 itast.

245 1503 363 1585 Nempe
383 1505 443 1563 hdc
464 1505 509 1564 sic
529 1522 597 1564 esse
619 1506 744 1584 opinor:
767 1502 920 1564 dicturum
940 1506 1061 1581 patrem

248 1601 359 1662 ‘Ducds
379 1599 451 1662 uolo
470 1600 564 1660 hodie
586 1603 741 1661 uxdrem':
761 1606 797 1659 tu
818 1599 950 1659 ‘ducam’
972 1597 1110 1676 inquies:
1131 1591 1134 1597 ’

120 1711 145 1754 ta
248 1697 333 1758 Cedo
356 1697 430 1776 quid
451 1699 586 1778 iurgabit
605 1698 729 1758 tecum?
749 1698 800 1756 hic
821 1695 936 1756 reddes
958 1695 1068 1773 dmuia,

246 1794 331 1869 Quae
353 1798 435 1855 minc
456 1803 527 1856 suut
548 1802 633 1857 certa
655 1797 686 1856 ei
707 1793 850 1872 cdnsilia,
877 1795 998 1854 incerta
1017 1793 1053 1852 rit
1073 1793 1168 1870 sient,

246 1891 320 1952 Siue
348 1895 431 1952 omni
454 1893 590 1973 periclo:
605 1897 688 1954 'nam
714 1896 774 1955 hdc
795 1890 877 1953 haud
899 1891 1069 1970 dubiumst,
1093 1895 1167 1971 qutn

617 1993 767 2052 Chremes
1112 1997 1166 2051 391

246 2085 320 2146 Tibi
339 2088 401 2146 ndu
423 2086 477 2148 det
498 2095 628 2166 gnatam.
663 2091 723 2149 uec
744 2094 779 2148 tu
800 2107 837 2148 ea
858 2106 947 2148 causa
968 2088 1116 2147 minueris

245 2183 331 2246 Haec
352 2187 431 2264 quad
452 2185 544 2264 iacis,
565 2205 606 2247 ne
625 2187 652 2246 is
672 2187 772 2245 mitet
793 2205 877 2246 suam
898 2181 1092 2247 sententiam.

118 2281 144 2322 ²⁰
243 2279 331 2340 Patri
351 2279 401 2342 dic
420 2282 521 2344 uelle:
542 2289 591 2362 ut,
613 2287 705 2362 qudm
725 2282 820 2361 uelit,
840 2283 981 2343 tibiiiare
995 2284 1089 2344 irasci
1102 2287 1167 2347 ndu

243 2399 247 2406 ·
616 2388 717 2461 queat.

243 2474 319 2535 Nam
342 2474 424 2554 qudd
444 2483 478 2538 tu
492 2496 615 2560 speres,
635 2477 822 2559 prdpulsabo
836 2476 940 2539 facile.
973 2494 1100 2540 uxorem
1115 2479 1169 2541 his

613 2577 748 2637 mdribus
1112 2585 1170 2640 ³95

243 2679 260 2716 a
344 2680 361 2720 r
445 2683 462 2720 a
544 2684 562 2720 s
646 2685 663 2721 s
747 2685 764 2722 a
847 2684 864 2721 a
947 2685 965 2724 s
1047 2684 1066 2723 s
1151 2689 1169 2726 s

241 2766 334 2827 Dabit
354 2770 455 2830 nemo.
488 2771 628 2830 inueniet
645 2773 768 2851 inopem
787 2771 907 2850 potius,
930 2773 1020 2850 qutm
1038 2775 1073 2830 te
1095 2791 1168 2834 ccr-

618 2870 718 2947 rumpi
735 2869 823 2928 sinat.

242 2959 304 3021 Sed
327 2964 354 3022 si
370 2968 403 3023 te
426 2982 523 3043 aequo
546 2967 645 3025 auimo
666 2967 753 3026 ferre
774 2966 922 3046 accipiet,
944 2962 1168 3044 neglegentem

611 3063 739 3124 feceris:

242 3151 312 3214 Alia
332 3156 448 3217 dtiouus
470 3161 613 3238 quaeret:
634 3162 755 3220 interea
775 3158 893 3240 dliquid
914 3156 1064 3221 acciderit
1076 3159 1167 3225 boui.

114 3258 139 3299 ²⁵
156 3246 211 3308 Pa.
240 3249 306 3311 itan
321 3253 445 3315 credisi
458 3256 514 3320 liu.
531 3256 622 3317 Haud
638 3258 761 3317 dubium
777 3257 809 3317 id
824 3256 986 3337 quidemst.
1006 3252 1066 3316 Pu.
1079 3254 1167 3320 Vide
1188 3268 1193 3339 ξ

582 3357 642 3433 qud
656 3373 705 3415 me
717 3354 852 3416 inducas.
874 3355 933 3415 lia.
955 3354 1038 3430 Quia
1052 3339 1169 3417 tnces‘t
