2386 3810
89 146 308 224 musa-m
354 162 539 224 nnavuon
562 163 848 228 uinouvnnnos.
1038 170 1100 237 147

176 345 274 408 Meus
288 344 396 407 uenit?
417 347 476 407 Cu.
490 346 568 407 Dixi.
589 347 654 411 Me.
668 348 796 408 Eimus:
818 348 877 411 duc
896 369 945 412 me
964 350 1004 413 ad
1020 371 1100 435 cum,

554 445 693 506 ebsecro.

84 542 149 602 cn.
179 538 254 601 Non
275 538 342 598 uelt
362 545 395 598 te
418 540 499 599 scire
521 540 555 598 se
575 539 696 601 redisse
719 544 821 621 etiam,
843 544 875 604 et
894 551 979 607 tuom

179 636 391 716 Conspectum
412 635 538 715 fugitat:
559 641 688 718 prepter
709 647 869 718 peccatum
889 642 949 702 hec
968 643 1067 722 timet,
1113 655 1140 697 π

176 733 229 794 Ne
250 736 303 794 tria
323 733 437 793 duritia
458 736 580 813 antiqua
600 734 655 794 illa
677 738 768 796 etium
790 735 919 798 adaucta
942 740 992 800 sit.
1048 750 1100 805 435

80 833 155 894 Mn.
178 831 251 891 Non
277 837 312 891 tu
339 835 370 890 ei
397 830 502 891 dixisti
528 838 563 892 ut
589 833 711 892 essem?
742 836 800 894 Cn,
816 835 885 894 Non
922 835 987 896 Mn.
1003 836 1100 913 Quam

556 931 672 1009 obrem,
695 930 868 992 Chremes?

78 1028 148 1088 Gn.
178 1024 259 1099 Quia
279 1025 421 1105 pessume
441 1025 521 1084 istuc
544 1029 576 1084 in
598 1033 630 1086 te
653 1034 744 1106 atque
765 1030 797 1089 in
816 1029 904 1089 illum
927 1027 1073 1110 edusulis‚

180 1122 217 1182 Si
239 1122 271 1181 te
288 1129 350 1182 tam
370 1121 436 1183 leni
457 1131 490 1183 et
510 1125 591 1184 uicto
612 1143 681 1184 esse
702 1127 801 1186 animo
824 1127 1007 1189 ostenderis.

78 1225 156 1286 ΜΕ.
178 1221 252 1282 Non
266 1225 404 1301 possum:
427 1222 501 1281 satis
514 1222 582 1298 iarn,
597 1225 670 1282 setis
683 1230 774 1303 pater
787 1223 882 1285 duriis
897 1227 951 1285 fui.
969 1227 1027 1289 Gn.
1039 1228 1100 1306 An,
1114 1250 1141 1292 so

179 1320 318 1381 Vemens
330 1322 362 1380 in
372 1327 534 1398 utramque
545 1324 674 1399 pertem,
685 1319 882 1400 Menedemo,
895 1323 928 1381 es
940 1324 1100 1402 niminiio

180 1419 246 1478 Aut
263 1416 406 1496 ltrgitate
428 1420 520 1477 nimiu
542 1424 594 1477 aut
615 1420 808 1498 parsimdnia.

181 1515 217 1575 ln
233 1513 360 1574 eindem
374 1513 513 1575 fraudem
530 1533 567 1574 ex
581 1515 638 1574 lrtc
652 1533 688 1574 re
704 1521 795 1593 atquae
811 1534 848 1574 ex
862 1512 915 1574 illa
929 1513 1058 1576 incides.

181 1613 318 1672 Primum
339 1611 411 1672 elim
431 1615 534 1692 potius
557 1617 645 1691 quem
665 1618 810 1691 paterere
830 1611 929 1672 filium

182 1709 376 1770 Commetare
397 1708 435 1769 ad
454 1706 677 1786 mulierculam,
699 1727 776 1787 quae
796 1707 922 1789 pairlulo
1112 1724 1139 1766 es

183 1806 264 1866 'l'um
285 1811 352 1867 eret
373 1812 519 1868 contenta
541 1807 673 1885 quoique
695 1813 783 1866 erunt
804 1812 890 1884 grata
912 1807 1021 1886 emnia,
1048 1818 1099 1872 445

182 1905 387 1964 Proterruisti
407 1906 490 1967 hinc.
513 1905 548 1962 ea
570 1912 674 1964 coacta
694 1906 833 1984 ingretiis

182 2001 313 2062 Postilla
335 2004 438 2083 coepit
457 2006 569 2064 uictum
591 2004 681 2084 uolgo
703 2007 862 2084 quaerere,

182 2099 271 2160 Nunc
292 2104 382 2180 quem
405 2104 471 2163 sinc
493 2123 601 2183 magno
620 2105 851 2164 intertrimento
868 2106 931 2162 ndu
953 2108 1058 2183 potest

182 2198 310 2277 Haberi,
332 2200 453 2279 quiduis
475 2201 549 2263 dere
571 2205 665 2282 cupis.
689 2222 758 2261 nam
778 2208 813 2260 ut
834 2202 867 2260 tri
889 2201 978 2278 scias,
1112 2212 1138 2253 iu

182 2297 279 2372 Quam
291 2301 416 2360 eanuinc
429 2303 579 2360 instructa
590 2299 722 2380 pulchre
734 2297 772 2358 ad
783 2300 953 2378 perniciem
965 2300 1036 2377 siet,
1049 2309 1101 2362 450

182 2395 319 2455 Primiim
340 2400 400 2457 ium
423 2396 548 2456 ancillas
571 2399 674 2455 secum
697 2394 822 2455 adduxit
839 2394 911 2475 pluis
933 2393 1052 2474 decem,

182 2493 333 2554 Oneretas
356 2500 445 2553 ueste
468 2501 559 2572 atque
581 2494 671 2552 aairo:
694 2500 815 2573 satrapa
835 2497 862 2552 si
882 2495 943 2556 siet

183 2591 321 2667 Ametor‚
343 2611 505 2668 numquam
525 2590 658 2650 stifferre
680 2590 746 2648 eius
766 2593 904 2669 sumptim
927 2597 1033 2668 queat:

183 2689 304 2751 Nediim
321 2696 353 2747 tu
367 2691 476 2768 possis.
497 2689 561 2751 Mn.
573 2672 670 2748 Estne
686 2705 722 2748 ea
736 2686 842 2747 intus?
859 2687 917 2749 Gn.
930 2688 977 2748 Sit
989 2691 1102 2769 rogas?
1115 2703 1140 2744 ⁴⁵

185 2790 289 2850 Sensi:
311 2809 379 2848 nam
397 2809 483 2848 unam
501 2792 530 2848 ei
545 2789 648 2848 cenam
666 2793 758 2866 atque
776 2787 841 2845 eius
857 2786 1017 2848 cemitibns
1049 2798 1100 2852 455

186 2887 279 2947 Dedi:
303 2886 384 2966 quod
406 2891 431 2947 si
452 2891 564 2948 iterum
586 2887 661 2946 milri
684 2887 725 2945 sit
747 2882 857 2964 danda,
880 2885 979 2945 acirim
996 2888 1065 2951 siet.
1154 2930 1157 2935 -

185 2985 260 3046 Nam
281 2993 316 3045 ut
336 2985 395 3045 elia
416 2988 564 3065 omittam,
584 2982 746 3065 py'tisando
767 2982 858 3044 medo
875 2984 950 3044 milri

96 3137 102 3145 .
187 3082 267 3158 Quid
288 3086 350 3143 uini
373 3085 540 3164 absumpsit
562 3084 618 3144 ‘sic
641 3087 723 3163 lroc,'
746 3083 853 3143 dicens
874 3083 1038 3165 ‘taperum‚

185 3180 289 3259 Pater,
310 3182 368 3240 lieo
388 3189 451 3242 est:
474 3182 556 3241 aliud
577 3182 678 3242 lenius
700 3182 792 3243 sodes
813 3180 915 3242 uide':

185 3277 295 3339 lieleui
314 3279 396 3339 dolia
417 3283 526 3358 emnia,
549 3283 645 3341 omnis
667 3282 779 3341 serias:

94 3438 97 3445 ,
187 3376 291 3436 Omnis
313 3376 464 3440 sollicitos
484 3381 604 3439 hebuit:
627 3385 719 3459 atque
740 3382 819 3441 haec
840 3380 901 3522 pipp
919 3398 989 3444 uox.
1100 3425 1103 3429 -

846 3491 856 3522 Ι
