2386 3810
54 166 66 219 i
80 165 229 217 82-415
429 162 607 224 ΡΗΟΗΜΙΟ.
952 166 1015 229 203

102 337 289 401 Dissimulet
311 341 368 423 iis.
382 342 468 402 Bene
485 342 601 402 habent
615 345 671 404 tibi
684 347 844 427 principis.
865 348 924 409 Pu.
936 348 1016 424 Quin

469 439 551 518 quod
569 448 618 500 est

101 533 283 594 Ferimdum
297 535 385 595 fers?
407 537 468 595 tuis
483 534 606 614 dignum
622 537 711 597 fretis
728 539 852 619 ie'eeris,
964 550 1016 605 430

103 629 148 690 vt
162 631 251 688 amici
265 631 348 691 iuter
362 650 419 691 uos
433 636 536 693 simus.
558 633 614 691 Du.
627 634 716 711 Egon
731 643 812 695 tuam
829 640 967 718 expetam

102 727 299 787 Amicitiam?
321 736 373 788 sut
386 735 418 788 te
433 731 530 788 uisum
544 735 597 788 sut
612 730 746 791 auditum
762 731 879 793 uelim?
1013 736 1056 776 ’85

54 846 73 887 ι.
104 825 138 883 Si
153 824 353 885 educordabis
368 846 436 886 eum
451 824 515 904 illu,
529 828 657 887 habebis
672 831 750 906 quui
764 836 846 890 tuum

102 921 302 981 Senectutem
317 921 466 982 oblectet:
489 924 610 1002 respice
625 927 756 985 aetuttm
771 932 863 986 tuum.

54 1042 73 1082 ι.
99 1021 148 1080 Te
167 1018 320 1079 oblectet:
347 1021 403 1080 tibi
425 1022 513 1080 habe.
546 1022 601 1081 Pu.
623 1021 730 1083 Miuue
749 1042 825 1083 uero
845 1025 931 1083 irum.
957 1023 1013 1084 Du.

471 1121 538 1180 Hie
554 1138 618 1198 age.
963 1132 1014 1186 435

103 1217 185 1277 Setis
199 1217 258 1275 iim
273 1217 483 1276 uerborumst:
502 1219 561 1277 uisi
576 1226 608 1277 tu
622 1237 771 1300 properas
786 1218 947 1281 mulierem

101 1314 278 1392 subducere,
298 1333 356 1392 ego
372 1314 457 1375 illam
474 1308 598 1375 eiciam:
623 1317 695 1396 dixi,
711 1318 867 1378 Phctrmio.
1028 1321 1057 1361 ⁹⁰

54 1434 73 1474 ι.
103 1413 136 1473 Si
154 1418 188 1472 tu
203 1409 287 1471 iilum
302 1413 442 1490 attigeris
457 1414 545 1473 sicus
561 1433 649 1492 quum
665 1413 819 1492 dignumst
832 1412 973 1492 liberum,

100 1510 205 1569 Diuum
222 1510 279 1568 tibi
293 1509 449 1587 inpingum
464 1507 625 1587 grindem:
648 1508 720 1586 dixi,
736 1510 895 1588 Demipho.

100 1604 211 1686 Siquid
223 1624 299 1685 opus
310 1605 416 1682 fuerit,
431 1605 519 1682 heris,
535 1605 624 1664 domo
636 1623 695 1663 me.
713 1604 771 1664 Ge.
787 1602 947 1682 intellego.
962 1613 1014 1666 440

54 1774 233 1833 inurens.
270 1771 385 1831 Gerr.
422 1770 563 1829 Heuro.
601 1770 812 1830 Csrrruvs.
854 1769 983 1829 Gu1ro.

54 1920 71 1962 ι.
99 1901 218 1977 Quanti
233 1916 282 1958 me
297 1917 370 1958 cura
387 1903 420 1956 et
435 1894 643 1956 sdllieitudine
658 1894 763 1955 idticit
1009 1896 1036 1948 11
1051 1903 1070 1953 4

100 1996 230 2073 (iustus,
252 1996 304 2074 qu'i
321 2015 369 2055 me
385 2001 417 2053 et
432 2013 465 2053 se
480 1994 566 2053 hisce
581 1993 734 2074 iupediuit
748 1993 880 2073 nuptiis!

100 2093 208 2172 Neque
224 2095 265 2153 mi
280 2097 311 2152 in
327 2099 523 2173 conspectum
537 2091 653 2170 pridit,
674 2099 709 2151 ut
722 2090 832 2152 sulte'm
851 2093 953 2169 scium,

101 2187 183 2267 Quid
199 2187 238 2249 de
251 2189 308 2248 hic
323 2207 359 2248 re
373 2188 454 2249 dicut
474 2186 586 2266 quidue
602 2189 644 2248 sit
659 2189 840 2249 sententiae.

99 2287 171 2364 Abi,
193 2290 259 2345 uise
274 2286 444 2346 redieritne
461 2288 518 2344 ium
535 2304 573 2344 an
587 2304 648 2343 non
665 2283 737 2344 duim
751 2282 881 2343 domum.
962 2292 1013 2346 445
1027 2296 1040 2334 5

54 2405 73 2445 r.
101 2383 157 2443 lut.
180 2384 236 2444 De.
253 2383 374 2445 Videtis
389 2404 449 2462 quo
466 2387 497 2441 iu
512 2380 582 2441 loco
598 2400 648 2439 res
662 2382 739 2440 haec
755 2383 828 2441 siet:

101 2479 184 2559 Quid
199 2481 279 2559 tgo‘i
297 2479 357 2556 die,
372 2480 483 2557 Hegio.
512 2478 571 2540 He.
586 2461 675 2554 ligo?
697 2477 856 2536 Cratinum
870 2478 993 2553 cinseo,

101 2579 136 2638 si
149 2579 208 2638 tibi
223 2576 354 2637 uidetur.
372 2577 428 2638 De.
446 2577 511 2652 Dic,
528 2575 662 2635 Cratino.
686 2575 763 2636 (ise.
781 2575 876 2634 Mene
890 2576 959 2634 uis?

54 2698 73 2741 ι.
93 2678 151 2741 Te.
169 2678 245 2745 Gne.
263 2676 329 2753 Ego
345 2693 424 2753 quas
440 2678 471 2733 in
486 2692 553 2732 rem
568 2681 649 2731 tuem
666 2674 728 2731 sint
744 2673 780 2730 ia
796 2671 889 2731 uelim
903 2673 1014 2732 ficiis:

466 2771 541 2829 mihi

101 2870 153 2930 Sic
167 2870 225 2928 hdo
241 2866 380 2927 uidetur:
402 2867 483 2946 quid
498 2875 530 2926 te
545 2867 673 2926 absente
689 2868 739 2926 hic
754 2864 839 2925 iilius
962 2875 1014 2928 450
1028 2877 1055 2916 ¹⁰

98 2968 182 3045 Egit,
196 2967 320 3026 restitui
335 2968 367 3025 iu
384 2969 536 3043 integrum
553 2972 712 3043 aequomst
730 2966 905 3024 tithonum:

98 3065 141 3125 Et
154 3062 189 3124 id
203 3066 381 3144 inpetratis.
403 3063 474 3124 dixi.
496 3065 552 3124 Du.
567 3064 728 3142 mortuno,
746 3063 855 3140 Hdgio.

54 3185 75 3227 ι.
100 3163 168 3243 Ego
186 3162 294 3225 nidulo
310 3165 391 3223 hunc
409 3162 522 3223 dixisse
538 3163 647 3224 credo:
670 3163 776 3223 uerum
790 3162 874 3238 itast,

101 3267 184 3343 Quot
196 3263 335 3322 hemines
350 3266 397 3321 tot
415 3262 601 3321 seutdntiue:
624 3279 693 3319 suos
709 3262 842 3337 quoique
856 3276 929 3318 mos.

100 3360 180 3421 Mihi
196 3362 258 3419 ndu
273 3357 396 3419 uidetur
413 3356 494 3437 quid
510 3359 550 3416 sit
565 3357 676 3418 fautum
690 3354 811 3432 legibus
963 3361 1013 3414 455
1028 3361 1056 3403 ¹⁸
