2386 3810
161 181 224 246 164
366 162 370 167 '
409 178 596 241 uuuvrou
619 175 908 238 rruouvuuuos.
973 178 1154 243 wara-o
1186 154 1192 189 ⁵

247 360 310 423 Sed
328 365 423 444 porro
446 358 593 437 ausculta,
617 358 698 439 qudd
720 378 814 440 super
836 363 886 419 est
907 356 1062 419 falldciae.
1186 370 1189 375 '

248 460 324 520 Sese
346 462 412 539 ipse
434 456 510 517 dicit
532 461 613 517 tudm
635 456 749 516 uidisse
771 454 885 515 filiam:

243 557 319 619 Eius
339 557 399 616 sibi
415 553 625 635 complacitam
640 554 779 630 fdrmam,
800 559 965 634 postquam
981 553 1142 633 aspexerit:

244 654 332 715 Hauc
352 655 468 734 cripere
487 671 622 712 uxorem.
652 652 709 712 Cu.
725 651 863 711 Modone
886 668 964 731 quae
986 651 1153 713 inuentam

614 750 667 811 Su.
683 749 774 808 Eam:
1171 763 1174 798 ³

243 851 285 909 Et
312 847 434 928 quidem
458 848 577 908 iubebit
600 847 695 928 posci.
732 847 790 907 Cu.
811 846 908 924 Quam
935 847 1046 908 obrem
1071 846 1152 924 istrie,

612 946 713 1024 Syre?
1109 953 1164 1021 775ζ

242 1045 317 1104 Nam
335 1047 477 1123 prorsum
499 1041 545 1102 nil
565 1042 726 1123 intollego.
756 1043 903 1120 Savah,
924 1042 1034 1104 ttrdus
1056 1063 1097 1105 ea.
1158 1073 1168 1128 q

158 1141 217 1203 Cu·
242 1141 400 1201 Forttose.
422 1139 474 1201 Su.
492 1140 664 1218 Argentum
685 1140 808 1201 dabitur
830 1142 860 1200 ei
882 1138 920 1200 ad
942 1142 1078 1221 nuptiae,
1163 1141 1166 1156 '

119 1267 145 1310 30
242 1240 358 1300 Aurum
373 1243 465 1317 Atque
479 1243 600 1298 uestem
615 1238 697 1318 qui..
721 1239 874 1299 tenesne?
896 1238 956 1299 Gn.
973 1236 1152 1321 Cdmpareti
1186 1216 1192 1258 ¹'

157 1339 209 1401 Su.
239 1337 273 1398 ld
289 1341 396 1418 ipsum.
419 1336 477 1397 Cu.
490 1337 532 1396 At
550 1354 608 1414 ego
622 1333 673 1396 illi
688 1336 790 1416 neque
801 1334 841 1397 do
854 1354 958 1416 neque
971 1334 1151 1419 despondeo.

157 1437 209 1497 Su.
241 1436 333 1496 Nou?
356 1452 443 1512 quam
464 1435 592 1494 obrem?
626 1436 684 1495 Cu.
702 1436 798 1511 Quam
821 1434 951 1495 obrem?
978 1435 1031 1495 me
1052 1434 1153 1516 rogari

605 1531 746 1591 homiui?
769 1531 822 1593 Su.
841 1515 883 1592 t'st
903 1530 1003 1597 lubet.
1110 1543 1163 1599 787-

240 1629 308 1688 Nou
328 1630 385 1707 ego
408 1628 546 1690 dicebam
564 1629 596 1688 iu
616 1629 801 1709 perpetuom
818 1636 853 1689 ut
868 1627 954 1690 illam
971 1627 1024 1691 illi
1044 1630 1140 1710 darer,

240 1727 356 1787 Verum
380 1729 414 1787 rit
435 1725 604 1788 simulares.
628 1728 685 1788 Cu.
702 1727 771 1787 Nou
789 1720 887 1788 meant
904 1726 1080 1790 simulatio:

116 1838 141 1880 aa
241 1822 283 1883 ita
306 1830 339 1883 tu
360 1826 456 1883 istaec
480 1833 531 1885 tua
550 1826 688 1903 misceto,
709 1844 750 1885 ue
770 1844 819 1885 me
841 1822 1022 1889 admisceas.

237 1919 303 1996 Ego
326 1924 399 1996 quoi
420 1920 546 1981 daturus
568 1926 628 1982 ndu
651 1942 726 2000 sum,
748 1929 783 1981 ut
805 1923 835 1981 ei
857 1920 1093 2003 despondeam?
1163 1984 1167 1995 ,

153 2013 205 2076 Su.
234 2015 414 2077 Grede'bam.
439 2018 497 2078 Cu.
514 2019 662 2080 Miuume.
686 2018 738 2080 Su.
756 2018 841 2079 Scite
857 2025 981 2099 poterat
997 2020 1089 2081 fieri:
1108 2030 1152 2086 tao

237 2112 278 2173 Et
295 2132 353 2192 ego
375 2115 444 2192 hoc,
467 2118 537 2195 quia
559 2115 672 2178 dudum
694 2119 728 2178 tri
749 2122 834 2177 tauto
856 2135 953 2198 opere
975 2122 1127 2198 audacrus,
1164 2190 1167 2195 ¹

236 2214 282 2272 Eo
304 2216 401 2293 coepi.
432 2216 489 2276 Cu.
512 2215 625 2276 Credo.
656 2217 709 2277 Su.
732 2217 880 2277 ceterum
902 2214 1051 2295 equidem
1069 2219 1150 2295 istrie,

607 2313 767 2391 Chremes,

112 2418 138 2460 to
236 2407 337 2486 Aequi
358 2409 492 2488 bonique
511 2410 601 2470 idcio.
629 2411 687 2471 Cu.
704 2411 800 2489 Atqui
823 2429 912 2489 quam
933 2414 1075 2473 mtuume

235 2504 316 2566 Volo
339 2507 371 2566 te
390 2505 464 2568 dare
487 2528 612 2589 operam
629 2514 665 2568 ut
686 2507 753 2585 fiat,
775 2527 883 2568 uerum
902 2507 961 2570 alit
982 2512 1045 2571 uia.

150 2599 204 2663 Su.
234 2602 321 2681 Fitt,
345 2614 509 2684 quaeratur
527 2605 652 2687 aliquid.
682 2604 738 2666 ced
756 2603 834 2665 illud
857 2604 939 2684 qudd
961 2609 1020 2670 tibi
1104 2618 1150 2677 too

234 2700 303 2760 Dixi
317 2702 363 2761 'de
385 2712 523 2782 argento,
547 2702 629 2783 quod
649 2704 709 2763 ista
731 2703 826 2763 debet
847 2703 1007 2785 Btcchidt,

234 2796 267 2855 id
289 2801 371 2858 minc
393 2799 617 2861 reddendumst
637 2800 699 2861 ssli:
720 2819 822 2879 neque
844 2807 878 2861 tu
899 2801 1022 2865 scilicet

108 2913 134 2954 ta
233 2891 308 2953 lllric
331 2897 504 2975 confugies:
527 2897 612 2977 ‘quid
633 2901 725 2960 mea?
745 2919 817 2960 uum
838 2900 914 2960 mihi
936 2899 1096 2965 datumst?

230 2989 309 3049 Num
328 2993 427 3052 iussi?
448 3014 519 3054 num
541 2992 598 3054 illa
620 2999 825 3076 oppignerare
846 2996 945 3059 filiam

229 3085 333 3146 Mea'm
347 3108 397 3148 mo
411 3091 509 3150 inuito
524 3092 660 3170 potuitt’
682 3114 791 3156 uerum
804 3094 893 3174 illrid,
915 3097 1081 3180 chremes,
1100 3108 1146 3165 toa

229 3183 358 3245 Dicunt:
377 3186 436 3247 ‘ius
458 3207 605 3248 summum
627 3193 719 3272 saepe
741 3201 886 3253 summast
907 3193 1053 3259 malitia?

145 3281 203 3342 Cu.
230 3280 321 3341 Haud
343 3285 460 3347 faciam.
484 3286 535 3348 Su.
552 3286 645 3346 Immo
662 3288 731 3350 aliis
752 3289 884 3366 silicet,
907 3294 967 3353 tibi
981 3299 1045 3355 uon
1059 3294 1147 3357 licet:

101 3393 127 3432 oo
229 3381 342 3442 Omne's
366 3390 397 3442 te
419 3386 451 3445 iu
472 3383 555 3445 lauta
576 3405 641 3447 esce
663 3388 695 3447 et
716 3390 796 3449 bene
820 3396 908 3450 aucta
929 3394 967 3451 rc
986 3398 1109 3473 putant
