2386 3810
532 110 712 152 PRAEFATIO
1051 105 1101 152 Vll

93 261 224 322 schelius
234 274 389 333 parerpon
401 258 423 317 I
435 275 467 332 p.
480 257 551 319 300.
568 255 623 338 qui
644 254 869 318 consularibus
884 255 970 318 ludis
991 274 1007 316 ε
1025 257 1101 318 Ond.

183 351 201 414 8
214 372 277 436 qua
288 354 412 413 Harins.
426 352 528 436 quiar
542 353 616 414 Oud.
705 354 741 415 10
751 351 864 415 urbem
878 354 951 413 Ond.
966 349 1046 413 urbe
1062 354 1102 414 D.

95 453 247 512 Heinsius.
269 466 325 510 arn.
344 467 376 509 e:
397 450 440 523 cf.
459 450 721 511 Drakenborehins
747 453 778 510 in
797 451 859 510 Lio.
881 450 1051 510 XXVIIII
1072 447 1101 522 6,

96 549 116 608 4
207 543 346 606 1lsicc.
365 562 420 607 oin.
438 548 512 608 Ond.
600 545 638 604 12
661 543 889 606 deditBotnins
974 545 1011 605 15
1034 543 1102 604 inc

96 637 192 726 mari]
216 645 286 704 nine
313 645 468 704 oberrasse
488 652 564 720 pato
588 647 678 706 verba
706 643 779 705 sinu
802 640 986 705 Leucadiae
1008 644 1101 723 a.17,

97 758 175 819 qnae
194 745 256 802 iilic
271 749 426 801 mutarunt
445 740 514 803 siue
535 738 716 821 Leucadia,
739 745 819 803 nnde
836 744 899 816 snit
918 758 984 802 cunt
1005 749 1102 816 ternp-

97 847 194 900 tnrcm
226 837 295 899 sine
329 834 480 898 Leucasii
513 843 588 899 coni.
620 841 773 900 Pausania
806 840 886 900 VIII
904 838 959 908 25,
983 837 1016 897 2:
1050 839 1104 899 sed

96 954 179 997 nnnc
190 937 268 996 iilud
278 936 437 1014 praefero,
458 938 518 996 nisi
526 942 663 1012 praestat
675 943 870 1013 transponere
886 933 1008 1019 perisse
1020 931 1103 994 man'

97 1030 132 1094 in
156 1031 232 1093 sinu
257 1028 443 1093 Leucadiae
471 1029 551 1093 dicit
637 1033 676 1094 16
703 1052 723 1093 a
747 1030 979 1106 Menandros,
1005 1031 1102 1091 Mad-

98 1132 197 1204 oipins
217 1132 248 1188 in
270 1129 329 1189 Cic.
350 1129 389 1190 de
406 1133 459 1202 fin.
475 1147 511 1205 p.
531 1126 579 1188 18.
601 1147 619 1190 a
639 1126 820 1191 Menandro
844 1130 919 1191 Ond.
1006 1130 1043 1187 17
1066 1124 1102 1186 in

99 1224 233 1288 arcadia
255 1222 421 1309 stimphali
441 1244 467 1286 ε.
494 1224 529 1286 in
546 1224 709 1288 Arcadiae
731 1223 921 1310 Stymphala
944 1226 1017 1286 Ond.

101 1324 140 1386 19
168 1342 212 1386 cx
232 1324 366 1384 Botitins.
395 1341 450 1386 on.
479 1342 495 1384 ε
524 1325 597 1386 Ond.
683 1326 724 1387 23
751 1325 807 1386 uia
834 1342 860 1384 ε.
886 1321 922 1384 in
948 1321 1003 1381 uia
1028 1320 1102 1381 Ond.

194 1419 309 1483 uillam
330 1426 438 1483 seclusi
467 1440 559 1485 noso
582 1424 740 1500 Sciopeni,
775 1425 829 1498 qni
853 1422 928 1482 daec
952 1421 1105 1481 adnotavit

101 1507 186 1581 ‘Fnit
210 1520 338 1595 qnidam
353 1523 401 1581 aia
425 1520 539 1598 Appia,
571 1524 656 1583 nond
678 1523 787 1598 procnl
811 1521 849 1580 ab
874 1521 960 1592 urbe,
993 1519 1104 1579 Martis

99 1619 200 1678 aedis:
221 1635 247 1676 o.
268 1618 407 1679 anerns
431 1618 474 1677 od
490 1618 553 1678 lio.
573 1619 609 1676 X
627 1615 666 1676 23
691 1623 721 1678 et
739 1621 864 1692 interpr.
886 1617 929 1675 ad
950 1615 999 1674 Oa.
1021 1615 1102 1675 Fora.

106 1713 154 1773 VI
174 1713 230 1773 191
257 1708 296 1796 [et
317 1715 350 1773 G.
372 1713 407 1772 Α.
429 1714 561 1773 Beckeri
580 1716 670 1788 antip.
694 1714 777 1774 Rorn.
798 1713 822 1773 I
838 1729 874 1788 p.
898 1711 954 1770 511
976 1705 1044 1794 sp.].
1072 1718 1105 1770 at

99 1814 195 1873 nilla
215 1812 325 1872 Mortis
351 1827 406 1871 nec
427 1812 550 1871 aliunde
574 1818 701 1885 constat,
726 1820 755 1873 et
779 1830 829 1874 res
852 1819 895 1872 est
912 1827 972 1885 per
991 1827 1023 1870 sc
1044 1811 1102 1868 ob-

99 1910 205 1970 snrda.
237 1925 332 1983 qnare
352 1924 410 1968 non
425 1909 523 1968 dnoito
543 1900 613 1982 pain
631 1905 742 1968 uillam
762 1911 805 1968 od
817 1907 1030 1984 explicandam
1043 1923 1101 1964 ro-

99 2009 210 2066 riorem
225 2024 251 2065 o.
270 2001 388 2066 hortuli
412 2008 653 2079 sipnificationern
669 2010 830 2082 ascriptam
852 2007 949 2079 faerit
969 2008 999 2064 in
1015 2020 1102 2063 mor-

98 2104 178 2174 pine.
210 2103 290 2160 ande
313 2107 415 2175 posteo
436 2102 607 2162 nonomine
627 2105 755 2176 indocto,
783 2105 834 2163 cni
849 2105 998 2177 penetiorn
1016 2095 1102 2160 Mar-

99 2194 144 2256 tia
165 2201 310 2257 molestias
324 2199 458 2270 arabat,
480 2200 510 2258 in
526 2203 621 2274 monn
638 2201 790 2260 verboram
806 2200 939 2259 ordinem
953 2203 1102 2272 receptant

100 2300 152 2354 est.
187 2296 252 2370 ipse
266 2295 367 2354 Cicero
390 2298 483 2369 plane
503 2298 605 2356 iisdem
626 2297 722 2356 verbis
746 2297 789 2356 ad
809 2296 841 2366 Q.
856 2296 902 2368 sr.
923 2295 980 2353 III
999 2295 1016 2352 7
1040 2289 1102 2352 Ro·

101 2410 173 2451 mae
201 2398 233 2451 et
258 2389 400 2451 maxime
427 2390 536 2474 Appia
561 2382 604 2452 ad
628 2389 743 2452 Martia
764 2391 846 2452 mira
867 2388 1017 2452 alluuics'
1074 2432 1080 2439 -

102 2487 141 2549 34
178 2484 294 2549 Cicero
331 2487 366 2548 in
396 2486 481 2551 Lino
519 2509 597 2565 cnsp.
630 2492 668 2552 R.
706 2491 841 2564 Unpernr
871 2495 902 2551 in
931 2491 1102 2565 prolusione

98 2603 200 2663 pprnn.
226 2589 484 2649 Friedlandiensis
511 2593 585 2649 anni
609 2589 841 2649 Moeecnml
868 2589 1101 2661 Csnbsieiaornrn

100 2687 203 2760 capito
225 2686 312 2757 tria')
329 2703 362 2760 p.
384 2687 402 2746 3

186 2782 221 2841 P.
239 2780 258 2841 6
278 2799 304 2840 a.
329 2782 395 2844 1in
410 2781 552 2844 medium
573 2781 666 2845 nobis
688 2784 752 2844 cod.
770 2785 849 2845 Dan.
868 2781 903 2842 in
922 2779 1029 2844 madio
1045 2800 1102 2866 po·

101 2873 171 2960 puli
194 2895 210 2936 ε
231 2878 305 2939 Ond.
391 2881 410 2940 6
431 2886 528 2961 atque
548 2879 685 2958 utinam]
704 2881 747 2953 cf.
765 2881 808 2940 M.
823 2881 972 2955 Hanptiar
991 2883 1101 2943 obsera.

100 2977 167 3035 crit.
188 2992 220 3049 p.
237 2975 277 3034 47
362 2975 430 3056 uis,
454 2975 576 3037 comica
590 2982 626 3035 ut
641 2976 793 3036 Bentleins
813 2980 844 3035 in
857 2976 931 3036 Hor.
949 2977 984 3036 Α.
1000 2979 1033 3035 P.
1050 2975 1101 3051 26,

107 3072 229 3143 Woifins
243 3075 363 3134 miscell.
371 3090 403 3148 p.
417 3073 493 3146 451,
511 3074 678 3134 Meineicins
690 3074 858 3134 Menandri
872 3079 902 3132 et
911 3073 987 3132 Phil.
1004 3075 1058 3131 rei.
1070 3089 1101 3146 p.

101 3169 196 3230 XXX
206 3171 256 3231 VI.
273 3169 333 3231 uis'
342 3170 479 3246 comica,
501 3177 537 3230 ut
555 3172 628 3232 Ond.
718 3170 755 3230 12
777 3173 844 3231 vide
864 3189 902 3231 nc
917 3170 1102 3232 scribendum

101 3271 140 3328 rit
156 3265 319 3348 Mancino,
347 3273 372 3330 is
398 3270 436 3328 de
455 3286 512 3344 qno
533 3270 575 3343 cs.
596 3271 748 3330 Bentleins
773 3273 805 3329 in
826 3270 900 3329 Hor.
921 3269 955 3328 Α.
978 3269 1012 3328 Ρ.
1032 3267 1102 3339 387,

108 3367 475 3441 Weicoertospoer.1ot.
502 3371 557 3429 rel.
580 3387 613 3446 p.
635 3367 698 3432 334
727 3387 808 3448 sqq„
840 3371 990 3433 asnoios
1014 3366 1131 3423 norun.
