2386 3810
159 135 224 201 200
566 130 744 191 PHORlssO.
998 131 1050 187 11³
1061 132 1142 187 5-55
1179 149 1183 199 ι

245 315 363 375 Adeste
392 333 514 394 quaeso.
549 314 605 375 Gn.
629 313 727 372 5555555
754 317 810 372 est.
852 308 912 371 Pu.
938 308 1019 388 Quin
1041 313 1076 369 tu
1097 307 1143 367 hir

610 411 702 489 eges?
1105 413 1144 468 555

246 512 308 571 lam
323 529 379 589 ego
394 510 476 569 hirne
494 510 622 587 agitabo.
645 509 702 588 [555
719 505 809 565 deum
825 503 1046 581 inmortilium‚

135 619 149 658 ⁶
245 607 344 686 Negat
358 607 506 667 Phlnium
525 624 594 665 esse
609 606 687 664 hane
702 603 761 663 sibi
778 608 938 680 cognatum
950 597 1119 679 Demipho?

48 708 52 713 '
246 705 333 764 Hanc
350 705 501 784 Demipho
517 710 610 782 negat
624 703 693 762 esse
709 700 890 779 cognatim?
913 700 971 760 Gn.
990 698 1094 776 Neget.

161 803 219 865 Dn.
244 801 346 881 Ipsum
362 804 429 863 esse
445 803 555 882 opinor
571 800 609 861 de
626 820 686 879 quo
702 800 835 877 egebam.
857 795 1032 875 sequimini

162 899 220 960 l’n.
245 898 353 976 Neque
366 902 432 959 eius
443 904 606 977 patremne
617 899 698 956 seire
713 895 765 974 qui
776 893 894 954 inerit?
911 890 1084 969 GnNeget.
1106 899 1145 953 555

165 996 235 1073 [l'n.
251 995 316 1055 Nee
332 994 504 1073 Stilponem
520 998 620 1075 ipsum
637 996 718 1054 scire
735 993 787 1071 qui
802 990 920 1049 fuerit?
948 989 1006 1052 Gn.
1022 987 1133 1067 Negti}

126 1105 150 1146 10
163 1091 221 1153 l’n.
250 1093 326 1169 Quia
344 1094 437 1168 egens
454 1090 596 1152 relictast
609 1097 732 1167 misera,
747 1089 907 1167 ignoratur
920 1105 1046 1168 parens,
1161 1114 1164 1119 ·

248 1187 429 1268 Neglegiiur
444 1191 524 1269 ipsa:
543 1191 614 1249 uide
632 1190 760 1250 auaritia
774 1186 849 1267 quid
862 1186 947 1248 feeit,

164 1287 221 1348 Gn.
249 1285 282 1344 Si
297 1305 382 1345 erum
397 1284 585 1346 insimulabis
600 1286 746 1363 militiae,
763 1283 843 1344 male
860 1282 977 1344 audies.

163 1383 219 1444 Du.
250 1383 277 1442 0
293 1382 457 1460 iudicium,
474 1385 564 1442 etium
577 1402 626 1442 me
642 1382 726 1442 ultro
742 1387 916 1442 accusatum
929 1379 1067 1442 iduenit.
1108 1387 1149 1443 55]

164 1481 220 1543 Pn.
247 1481 324 1540 Num
338 1481 398 1539 iam
413 1479 603 1539 idnleseenti
622 1479 667 1538 nil
684 1486 733 1539 est
751 1477 834 1558 quod
848 1480 1054 1557 suscenseam,

126 1603 151 1645 15
249 1579 282 1638 Si
297 1577 387 1638 illiun
400 1579 499 1640 minus
514 1585 618 1638 noret:
637 1581 751 1656 quippe
767 1578 936 1637 homnium
952 1576 1108 1655 5555555555,

249 1675 381 1755 Paupe'r,
398 1677 470 1754 quoi
484 1677 516 1735 iu
531 1686 625 1755 opere
639 1679 703 1735 uita
719 1685 796 1753 erui,
813 1677 879 1735 ruri
893 1675 963 1734 fere

249 1774 291 1833 Se
306 1775 498 1832 cintinebat:
521 1775 563 1832 ssrl
578 1791 682 1851 ngrmn
698 1771 738 1831 de
752 1775 860 1831 nostri
874 1780 964 1851 petre

250 1868 422 1929 Colendum
437 1870 584 1929 habebat:
607 1870 699 1948 saepe
714 1871 835 1929 interea
846 1869 925 1928 mihi
941 1886 1038 1929 neuen
1109 1875 1149 1931 555

249 1967 399 2026 Nerribut
414 1985 447 2026 se
461 1968 542 2025 huuc
557 1965 725 2044 negligere
743 1968 906 2044 cognatim
922 1985 1029 2026 suom:

125 2089 151 2129 20
248 2063 290 2121 At
305 2063 394 2141 quem
410 2064 523 2123 uirum!
544 2083 632 2140 quem
650 2082 706 2141 ego
724 2062 856 2122 uiderim
871 2064 905 2122 in
918 2064 983 2122 uita
997 2065 1147 2143 intumum

165 2160 222 2223 Gn.
249 2159 364 2223 Videres
380 2167 411 2219 te
426 2167 517 2237 utque
531 2158 630 2236 illum,
645 2166 680 2219 ut
693 2164 807 2222 5555555.
827 2161 884 2222 Pu.
897 2160 910 2219 l
924 2161 958 2219 iu
971 2161 1080 2220 malim
1093 2176 1147 2219 555·

615 2276 689 2318 cem.

248 2357 323 2416 Nam
337 2357 369 2415 ni
385 2360 426 2415 ltu
443 2375 513 2416 eum
528 2358 766 2433 existumissem,
782 2374 945 2432 numquam
960 2360 1020 2415 tim
1036 2357 1127 2435 gutuli

249 2453 296 2512 0b
312 2453 390 2512 hunc
403 2454 578 2513 inimicitius
590 2458 733 2532 ciperem
747 2454 780 2513 in
795 2458 932 2513 nostram
942 2451 1097 2531 similium,
1106 2457 1143 2515 555

250 2554 346 2630 Quum
360 2552 386 2610 is
403 2554 584 2631 ispernutur
597 2552 678 2609 minc
695 2558 755 2609 tam
771 2547 990 2611 inliberiliter.

126 2653 151 2694 ²5
166 2647 223 2710 Gn.
249 2647 364 2726 Pergin
380 2667 433 2707 ero
451 2649 570 2707 absenti
585 2646 664 2706 mile
678 2646 775 2724 loqui,
792 2647 1021 2725 inpuriesume‘i

165 2744 222 2806 ΡΗ.
249 2745 380 2821 Dignum
404 2747 505 2804 erilem
527 2746 585 2803 hoc
605 2743 700 2805 illust.
734 2744 790 2806 Gn.
813 2744 872 2802 Ain
892 2750 1010 2822 tamen,
1032 2738 1143 2804 5555555

616 2843 670 2903 Du.
688 2842 776 2903 Geta.

165 2937 222 3000 Gn.
247 2937 403 2996 Bonirum
420 2945 570 3016 extortor,
584 2938 684 3018 legum
701 2941 869 2999 contortir.
891 2938 946 3000 Du.
963 2939 1053 3001 Geta.

164 3033 221 3093 Pn.
248 3031 422 3110 nespmde.
447 3037 510 3096 Gn.
528 3037 601 3116 Quis
618 3038 761 3096 homost?
783 3038 881 3097 ehem.
911 3035 968 3095 Du.
984 3036 1078 3099 Tace.
1102 3033 1143 3095 ur.

615 3135 747 3192 Absenti
764 3135 821 3193 tibi
1108 3135 1146 3195 575

248 3222 295 3281 Te
312 3221 452 3299 indigner
469 3249 565 3310 seque
582 3231 687 3310 dignas
704 3229 905 3291 contumeliae

122 3322 151 3363 ⁸⁰
246 3316 414 3391 Numquim
431 3330 566 3389 55555555
581 3327 695 3390 dicere.
719 3329 774 3392 Du.
792 3329 860 3389 Ohe
878 3327 995 3390 desine.
