2386 3810
58 187 88 239 22
102 186 235 243 98-122
460 176 631 238 HECYRA.
983 185 1046 249 245

129 361 176 421 lio
192 364 343 421 amantem
359 361 488 419 inuitum
501 359 694 439 Pamphilum
707 361 843 422 extrudit
856 369 954 444 pater.

129 456 292 536 Relinquit
307 478 374 517 eum
388 464 486 517 matre
499 460 551 518 hic
566 477 706 517 uxorem:
727 462 798 518 nim
814 479 909 522 senex

129 556 192 617 Rua
206 553 326 614 abdidit
342 573 392 632 se,
413 555 473 613 hue
488 559 558 614 raro
572 556 604 614 in
619 556 727 614 urbem
744 559 901 620 eammeat.
995 568 1044 624 175
1060 569 1098 612 1⁰0

95 701 102 715 .
130 652 212 729 Quid
226 652 327 713 adhaic
343 655 459 712 habent
473 653 663 713 infirmitatis
678 655 828 732 naiptiae?

93 796 101 811 .
129 751 217 812 Nunc
233 747 349 810 atidiee.
371 751 486 829 primia
503 749 570 810 dies
586 748 814 829 complaiaculoa

131 850 216 909 Bene
233 850 436 908 ainueuiebat
452 853 524 909 sane
543 850 627 909 inter
645 867 705 908 eas.
729 852 854 911 interim

129 947 221 1007 Miris
236 944 334 1004 modia
349 944 451 1005 odisse
466 948 569 1025 eoepit
583 946 771 1006 Sistratam:

128 1045 238 1122 Neque
253 1041 327 1103 litea
345 1041 425 1103 ullae
440 1045 523 1103 inter
539 1063 606 1121 eas,
629 1043 795 1123 postulatio
998 1059 1049 1113 180
1062 1066 1099 1108 ιιι

72 1176 75 1180 -
129 1141 307 1216 Numquim.
343 1139 401 1203 Ριι.
413 1139 498 1220 ¹Quid
516 1141 635 1217 igitur?
667 1140 726 1204 1³4.
743 1143 899 1221 Siquando
921 1142 959 1204 ad
981 1164 1047 1206 eam

501 1238 674 1298 accesserat

131 1330 385 1409 (laniabulatum,
406 1333 517 1411 figere
531 1351 549 1391 e
568 1340 735 1413 eonupeetu
750 1332 834 1413 ilico,

130 1428 249 1493 Videre
264 1427 365 1487 nolle:
389 1427 524 1509 denique
539 1432 592 1490 ubi
605 1450 668 1490 non
684 1435 750 1513 quit
763 1434 838 1511 pati,

132 1524 310 1586 simulatae
326 1524 364 1584 ad
379 1533 506 1586 matrem
528 1529 643 1588 arcessi
662 1526 700 1586 ad
716 1548 784 1588 rem
799 1527 950 1608 diuinam,
975 1529 1047 1592 abit.

130 1623 192 1685 Vbi
206 1621 274 1682 illie
292 1621 358 1681 dies
374 1629 423 1682 est
437 1623 623 1703 compluitis,
646 1628 762 1684 arcessi
779 1626 881 1685 iubet:
998 1635 1102 1691 185110

130 1719 245 1780 Dixere
262 1738 381 1778 caueam
395 1722 461 1779 tim
475 1722 581 1779 nescio
598 1741 696 1798 quam.
719 1723 833 1781 iterim
848 1722 949 1783 iubet:

130 1817 227 1878 Nemi
244 1818 372 1878 remisit.
395 1820 557 1896 piatquam
575 1826 736 1878 arcessunt
750 1821 882 1900 saepius,

132 1917 263 1996 Aegram
280 1918 349 1976 esse
363 1916 508 1977 simulant
523 1915 695 1982 mailiarem.
718 1927 824 1979 nostra
839 1918 912 1980 ssieo

130 2014 159 2074 11
171 2018 275 2074 uisere
291 2011 329 2073 ad
345 2033 426 2074 eam:
450 2014 570 2075 admisit
584 2034 685 2077 nemo.
708 2017 768 2076 hoc
784 2019 836 2077 ilbi
851 2035 946 2079 senex

129 2113 284 2191 Reaciuit,
305 2113 376 2172 heri
391 2132 428 2173 ea
444 2116 533 2174 caiisa
548 2133 622 2174 rure
639 2115 700 2174 hue
715 2114 852 2195 aduenit,
999 2126 1051 2182 190
1064 2133 1102 2174 ιιι

130 2212 256 2271 Patrem
273 2212 418 2271 continuo
435 2214 580 2273 canuanit
594 2212 806 2276 Philiunenae.

132 2306 213 2386 Quid
230 2309 353 2387 egerint
365 2310 449 2369 inter
465 2329 516 2389 se,
540 2330 602 2370 non
620 2310 690 2370 dum
709 2313 800 2370 etiim
815 2311 896 2373 seio:

130 2405 198 2465 Nisi
212 2409 285 2464 aine
303 2413 441 2485 euraeat5
466 2411 611 2486 quereum
626 2414 809 2467 euenturum
825 2408 884 2466 hie
901 2408 970 2468 niet.

128 2503 234 2564 Habea
250 2523 371 2563 omnem
388 2524 470 2566 rem:
492 2508 618 2585 pergam
634 2524 693 2584 quo
710 2506 800 2584 coepi
813 2506 872 2563 haic
886 2506 957 2565 iter.

58 2600 103 2664 in.
129 2602 171 2660 Et
183 2600 306 2680 quidem
318 2621 391 2681 ego:
405 2624 474 2663 nam
487 2605 633 2663 constitui
644 2622 711 2664 aum
724 2600 855 2680 quodam
866 2601 988 2680 haspite
1000 2611 1050 2665 195
1065 2616 1103 2658 ιιι

130 2699 186 2760 Me
200 2717 270 2760 ease
285 2698 373 2762 sslum
389 2704 620 2762 conuentairam.
643 2703 700 2764 Pa,
716 2701 754 2760 Di
768 2703 893 2759 uortiut
907 2701 987 2759 bene

132 2792 312 2876 Quod'agas.
335 2801 391 2862 Ριι.
404 2799 493 2863 Vale.
511 2799 566 2861 Pa.
580 2801 622 2859 Et
633 2806 666 2858 tu
679 2801 757 2858 bene
770 2795 855 2875 nale,
870 2795 1049 2859 Philatium.

446 3057 647 3066 ..ων-*-
