2386 3810
147 182 208 243 218
484 210 487 215 ·
556 184 733 245 PHORMIO.
963 189 1012 242 Vl
1032 192 1040 243 1

146 363 204 423 Cu.
230 364 361 444 Respice
378 365 415 425 ad
429 384 488 427 me.
512 366 562 427 So.
576 367 613 424 Di
629 367 757 425 ‹ibsecro
772 383 838 443 uer,
856 367 946 439 estne
957 364 1040 426 hies

598 465 655 527 Cn.
670 464 747 524 Νόιι.
767 464 819 525 So.
832 463 960 543 Negans

145 559 203 622 Cu.
231 559 376 621 Cinaede
393 563 466 622 hine
487 583 504 622 a
524 564 641 623 friribus
654 561 777 642 paulum
797 563 945 623 istirsum
960 562 1040 624 seder

593 663 722 743 phrona.
924 660 926 664 ⁴

108 781 131 822 rs
228 754 276 818 Ne
297 776 346 817 me
366 758 443 818 istoc
463 760 590 838 posthac
613 760 737 819 nimine
755 756 947 838 appelltssis
975 758 1025 821 Se.

593 877 655 917 non
671 857 799 916 ‹ibsecro
818 873 853 916 es

231 955 327 1032 Quem
350 954 474 1033 semper
494 961 527 1014 te
548 973 616 1015 esse
642 953 812 1013 dictitanti?
839 952 898 1016 Cu.
917 941 972 1015 St'.
996 950 1038 1012 So

592 1054 646 1112 has
661 1054 771 1112 metuis
784 1050 886 1111 ioris?

145 1145 203 1208 Cir.
232 1145 414 1208 Conch'rsam
433 1150 485 1209 hie
506 1152 605 1211 habeo
626 1153 751 1210 mirem
772 1168 903 1212 saeuam.
935 1148 1040 1209 utrum

597 1268 646 1309 me
661 1248 784 1308 nimine

228 1343 275 1404 110
297 1345 458 1426 perperam
483 1345 556 1405 olim
585 1346 664 1421 dixi,
691 1364 731 1405 ne
753 1365 807 1405 uos
830 1345 915 1404 sirie
941 1344 1040 1425 inprm

595 1445 672 1502 foris

228 1538 405 1600 Effitiretis
420 1544 512 1619 itque
523 1541 556 1601 id
566 1560 659 1621 porro
670 1541 772 1620 aliqua
783 1543 860 1601 rixor
870 1557 940 1599 mea
950 1542 1040 1600 rescit

105 1649 132 1690 00
145 1633 195 1696 So.
225 1635 305 1696 Istic
325 1635 378 1716 pol
400 1655 456 1695 nos
476 1643 507 1695 te
523 1637 573 1695 hic
596 1638 738 1696 inuenire
758 1639 887 1697 miserae
906 1655 1040 1715 numqua

599 1735 719 1795 tuimus.

146 1829 203 1889 Cu.
230 1829 298 1888 Eho
314 1828 361 1891 (110
376 1830 466 1907 mihi,
490 1830 563 1909 quid
585 1835 633 1890 rei
654 1819 740 1890 tibist
760 1849 828 1890 cum
848 1828 965 1890 similia
987 1832 1040 1890 hae

593 1927 679 1988 exis?
748 1975 751 1981 ,

230 2021 290 2082 Vbi
304 2018 377 2081 illae·
391 2025 484 2083 sunt‘i
507 2024 557 2085 So.
569 2025 716 2084 Miseram
732 2041 790 2082 me.
809 2022 866 2082 Grr.
878 2021 970 2101 Hem,
990 2025 1040 2103 qui

596 2120 767 2180 aimintnei
788 2119 839 2179 So.
856 2119 944 2178 Viuit
960 2125 1040 2198 gnitr

228 2214 359 2274 Matrem
373 2217 467 2296 ipsam
483 2235 519 2278 ex
536 2217 729 2297 aegritr'rdine
744 2217 801 2276 hae
815 2216 960 2276 miserim
975 2237 1040 2277 mor

595 2317 740 2375 secritast.

144 2409 201 2469 Cu.
231 2408 316 2470 Male
330 2410 454 2484 fictum.
483 2412 534 2473 So.
549 2412 615 2491 Ego
631 2419 747 2490 autem,
772 2428 849 2489 quae
871 2411 972 2469 essem
997 2431 1040 2469 am

595 2511 679 2570 serta
693 2527 788 2589 egens
803 2509 919 2587 ignita,

104 2622 128 2661 ²5
227 2607 269 2668 Vt
283 2609 369 2687 ptmi
385 2614 512 2688 nuptum
528 2611 679 2687 uirginem
694 2608 795 2669 lorini
810 2609 882 2667 huie
899 2605 1040 2668 adulesei

226 2703 344 2763 Harim
364 2707 416 2784 qui
438 2713 487 2767 est
508 2705 647 2767 dominus
666 2706 796 2766 aedium.
830 2705 888 2766 Cir.
908 2705 1040 2785 Antipht

595 2805 646 2864 So.
663 2806 730 2883 Em,
752 2805 825 2864 istie
839 2805 907 2884 ipsi.

144 2902 200 2961 Cir.
229 2900 332 2978 Quid?
362 2901 477 2961 duisne
494 2904 521 2962 is
541 2905 651 2963 uxores
671 2905 787 2964 habeti
824 2902 875 2962 So.
890 2904 956 2983 Au,
979 2904 1038 2964 rina

597 3003 720 3079 quidem
737 3005 816 3062 hane
833 3000 937 3062 silam.

142 3094 200 3154 Cu.
227 3094 308 3171 Quid
328 3094 413 3155 illam
436 3094 566 3156 ilteram
582 3118 660 3183 qaae
681 3100 796 3160 dieitur
812 3098 963 3177 cognita?
992 3098 1040 3160 So.

592 3188 706 3275 ergost.
730 3198 788 3260 ca.
806 3195 885 3276 Quid
903 3196 971 3257 ais?

140 3291 190 3354 So.
225 3292 403 3374 Compisito
422 3293 584 3374 factumst,
607 3302 666 3376 qut
690 3299 781 3360 modo
802 3301 881 3360 hanc
903 3299 1040 3360 aminsi

592 3400 698 3474 pisset
