2386 3810
161 184 226 247 310
563 184 772 244 ADELPHI.
926 200 931 210 ·
976 189 1153 243 111434-05

245 365 429 441 Praeterea,
448 372 482 423 ut
500 372 606 443 captus
624 367 671 423 est
686 383 865 441 seruorum,
889 366 952 423 nou
970 363 1069 423 malus
1114 373 1156 426 400

121 488 147 527 ³5
245 463 353 540 Neque
367 463 468 522 iners:
491 461 546 521 ulit
560 462 648 538 illas,
671 462 754 521 solus
770 481 889 521 omnem
903 459 1052 521 ftmiliam

248 561 422 621 Sustentat:
443 562 525 619 huuc
542 559 676 637 aldrice,
696 562 795 636 uinci,
819 561 1026 637 quaererem.

162 662 219 721 Ge.
247 660 340 718 lmmo
355 658 463 718 he'rclc
478 666 645 736 extorque,
667 660 727 717 ulai
742 661 786 717 ita
800 659 961 734 factumst,
982 658 1112 732 Domea5

247 757 410 815 Postremo
426 775 488 815 uou
502 757 641 832 negtbit:
660 775 761 814 coram
776 756 875 834 ipsuim
890 754 979 814 cedo.

161 855 218 917 Du.
246 853 363 913 Pude't:
385 873 444 912 uec
460 852 533 930 quid
549 871 633 930 agam
654 854 755 931 urique
777 852 850 931 quid
868 854 941 912 huic
962 851 1158 931 respondeam

122 969 148 1009 ao
248 954 329 1012 Scio·
350 952 406 1011 Pu.
423 953 571 1011 Miseram
586 971 651 1029 me,
674 951 803 1011 differor
819 950 987 1013 doloribus.
1115 959 1158 1013 480

245 1053 319 1111 luno
331 1051 464 1125 Lucina,
480 1051 531 1108 fer
546 1069 652 1128 opem:
675 1070 765 1109 serua
780 1069 828 1109 mc
843 1050 983 1110 obsecro.
1004 1050 1065 1110 Hs.
1077 1049 1157 1125 Hem,

244 1147 324 1208 Num
336 1167 404 1206 uam
418 1144 471 1206 illa
484 1131 596 1225 quaeso
609 1147 765 1226 ptrturit‘t
781 1147 838 1207 Gr.
850 1145 955 1223 Certe,
972 1147 1085 1225 Hegio.
1105 1145 1156 1205 Hs.

614 1246 712 1305 Hem:

245 1343 339 1404 illaec
353 1343 448 1403 fidem
463 1363 543 1402 nuuc
558 1346 694 1402 nostram
710 1344 862 1423 inploret,
881 1344 1007 1421 Demea,

246 1442 337 1522 Quod
350 1443 398 1502 iris
413 1462 469 1503 uos
484 1443 582 1519 cogit,
603 1441 635 1500 id
650 1441 811 1502 uoluntate
825 1445 972 1522 inpetrat.
1014 1521 1017 1525 Ι
1114 1453 1156 1506 400

122 1569 149 1609 45
245 1543 330 1601 Haec
344 1544 475 1621 primum
490 1549 524 1599 ut
537 1541 611 1599 fiant
626 1539 700 1598 deos
718 1559 831 1617 quaeso
848 1547 883 1600 ut
898 1543 986 1600 uobts
1004 1539 1104 1600 dccet.

246 1640 299 1697 Sin
316 1637 407 1698 iliter
424 1640 541 1697 animus
556 1640 661 1696 utstcr
676 1645 741 1714 est,
764 1655 840 1715 ego,
859 1638 983 1717 Demea,

244 1736 367 1794 Summa
380 1736 411 1794 ui
428 1734 591 1794 defendam
605 1735 684 1792 hauc
701 1740 792 1812 atquc
807 1734 895 1796 illum
910 1740 1075 1799 mortuom.

246 1832 402 1909 cognitus
417 1833 492 1890 mihi
508 1839 591 1890 erata
615 1834 673 1890 rina
689 1851 705 1889 a
719 1833 824 1910 pueris
840 1833 978 1912 patruolis

246 1929 356 1987 Sumus
374 1928 493 1988 educti:
515 1949 575 1988 uua
591 1931 714 2009 semper
729 1931 857 1990 militiae
874 1935 905 1991 e't
920 1932 1004 1993 domi
1111 1945 1151 1998 495

121 2048 148 2088 ao
244 2023 386 2083 Fuimus:
406 2032 620 2103 paupertatem
635 2029 695 2086 aina
710 2027 893 2107 pertulimus
909 2047 1045 2107 grauem.

243 2121 438 2200 Quapropter
453 2123 550 2197 nitar,
569 2123 696 2201 ficiam,
719 2128 878 2204 experiar,
900 2126 1036 2207 denique

241 2218 381 2277 Animam
398 2216 568 2294 relinquam
582 2222 685 2297 potius
702 2241 790 2299 quam
805 2221 875 2282 illas
890 2222 1043 2284 deseram,

118 2334 144 2374 ao
242 2313 323 2390 Quid
335 2315 409 2373 mihi
421 2314 613 2394 respondes?
627 2317 833 2379 Ds.Frttrem
844 2324 1035 2399 conueniam,
1052 2323 1149 2401 Hegio.

119 2434 144 2474 55
157 2409 217 2470 Hs,
241 2411 321 2491 Sed,
343 2413 472 2490 Demea,
494 2415 553 2474 hoc
569 2422 602 2474 tu
617 2417 709 2476 facito
726 2437 793 2477 cum
810 2421 908 2479 animo
926 2423 1054 2500 cogites,
1109 2431 1151 2484 500

242 2509 339 2584 Quam
354 2512 409 2569 ucis
422 2510 579 2571 facillume
595 2515 699 2590 ignis,
720 2534 810 2591 quam
825 2518 899 2577 estis
916 2523 1055 2579 mixume

241 2608 390 2667 Potentes
408 2606 488 2666 dites
505 2608 652 2667 fortunati
668 2610 800 2686 nobiles,

242 2704 319 2763 Tam
333 2708 469 2763 mtxumc
487 2724 542 2763 uos
558 2707 654 2783 atquo
671 2709 769 2767 animo
786 2727 882 2787 aequa
895 2713 1026 2770 miscere

241 2798 390 2876 Oportet,
413 2800 439 2857 si
453 2819 508 2858 uos
524 2800 616 2860 uoltis
631 2805 793 2881 perhiberi
808 2806 933 2884 probos.

117 2911 144 2954 to
157 2893 212 2952 Ds.
240 2892 369 2953 Redito:
390 2895 467 2953 fient
484 2899 561 2974 quae
577 2899 647 2958 ficri
662 2910 821 2979 aequomst
837 2904 946 2962 omnia.
1104 2914 1147 2967 505

156 2989 216 3050 Hs.
239 2991 337 3051 Decet
351 2998 384 3051 te
399 2992 512 3055 facere.
537 2996 634 3073 Geta,
656 2998 714 3058 duc
730 3019 779 3059 mc
793 3002 876 3060 iutro
893 3001 932 3061 ad
946 3001 1123 3063 sustratum.

155 3088 211 3152 Du.
237 3089 304 3149 Non
319 3111 369 3152 me
384 3091 542 3153 iudiccutc
557 3095 634 3154 haec
649 3097 744 3157 fiunt:
767 3101 883 3159 utinam
900 3101 951 3160 hic
967 3105 1009 3161 sit
1023 3100 1113 3161 modo

237 3186 436 3249 Defunctum:
458 3210 565 3250 uerum
581 3194 673 3252 nimia
688 3195 776 3256 illaec
791 3196 919 3257 licentia

237 3283 383 3344 Profecto
402 3286 506 3346 euadit
520 3290 550 3346 in
567 3289 691 3368 aliquod
706 3296 845 3372 magmim
861 3292 983 3357 malum.

112 3390 141 3433 aa
235 3379 289 3439 ibo
304 3384 338 3439 tc
353 3385 508 3459 requiram
524 3387 662 3458 scutram,
680 3397 714 3447 ut
728 3392 759 3449 in
771 3410 840 3452 eum
854 3393 932 3453 haec
944 3396 1091 3460 tuomum.
1105 3408 1152 3461 510
