2386 3810
48 156 79 209 Γ1
96 159 209 211 33-51
451 151 616 212 uncini.
955 149 1016 212 265

101 317 144 392 it
165 352 202 393 eo
225 352 324 393 ensem
346 334 462 411 animo,
485 334 511 391 si
533 333 569 391 e'x
590 352 647 392 usu
663 339 746 392 essct
760 336 867 393 ndstro
882 333 941 392 hoc
955 351 1018 392 mn·

470 429 672 489 trimonium?

48 545 72 587 n.
102 524 173 586 'l'rin
188 527 369 605 prospicere
385 532 436 585 eut
450 526 589 586 iridicnre
604 529 741 586 ndstrem
755 512 788 586 in
802 545 868 586 rem
883 525 966 606 quod
979 530 1020 586 sit

468 624 581 702 potes?

100 718 227 779 Aridisti
237 738 275 779 ex
290 718 391 800 aliqud
403 721 546 797 fortusse,
563 723 615 799 qni
628 719 744 781 uidisse
756 739 824 780 eum
837 719 955 780 diceret
968 732 1020 784 550
1032 735 1059 776 ou

99 801 274 878 Exeuntem
296 824 346 876 aut
368 820 451 877 intro
477 822 601 877 euntem
623 816 662 876 ad
685 821 818 880 ornicum.
855 818 928 896 qnid
953 823 1019 878 tum

465 915 596 996 pdsteu?

100 1011 134 1071 Si
148 1010 288 1070 modeste
305 1032 339 1071 cc
354 1016 424 1072 rtro
439 1014 498 1072 hoc
513 1013 605 1090 fecit,
631 1015 734 1072 ndnne
751 1012 947 1074 dissimuidrc
962 1034 1018 1075 nos

99 1109 200 1186 Mtgis
219 1109 412 1170 humanumst
434 1114 523 1189 quim
546 1109 621 1169 darc
647 1129 771 1190 operam
792 1110 826 1170 id
849 1116 946 1190 scire,
966 1113 1018 1190 qni

468 1226 525 1266 nos
545 1205 668 1267 oderit‘t

99 1301 176 1362 Ndm
192 1305 217 1362 si
232 1304 259 1362 is
274 1310 381 1382 posset
396 1305 432 1363 th
449 1321 486 1363 eu
503 1298 760 1384 sese‘derepeutc
777 1304 924 1382 auellere,

99 1401 234 1476 Qutcnm
250 1409 298 1461 tot
312 1404 491 1465 consuesset
506 1422 616 1481 annos,
633 1406 694 1463 ndu
709 1422 779 1462 eum
794 1403 947 1461 hominem
963 1400 1019 1462 dri-
1032 1415 1057 1455 ⁴⁰

467 1521 570 1563 cerem
968 1512 1018 1563 555

99 1595 165 1655 Ne'c
179 1598 278 1656 uirum
294 1599 367 1658 sutis
379 1598 502 1660 firmum
518 1604 638 1678 gnatae.
656 1597 722 1658 Mn.
734 1596 827 1656 Mitte
839 1593 1020 1655 adulescen-

139 1699 143 1708 '
465 1705 528 1757 tem
544 1698 672 1756 obsecro

98 1777 141 1852 E't
156 1812 233 1872 quoe
250 1814 299 1853 me
315 1800 461 1875 peccdssc
479 1799 531 1857 nis.
556 1795 623 1871 abi,
645 1791 745 1853 edium
761 1790 844 1852 nolus
863 1793 1003 1869 comneni,

99 1893 184 1971 ltdga
198 1892 316 1954 uelitne
332 1915 370 1954 an
385 1897 447 1955 non
462 1912 603 1955 uxorem:
626 1892 653 1952 si
669 1894 716 1952 est
730 1899 764 1952 nt
778 1891 861 1951 dicut
875 1890 957 1953 ue'lle
973 1909 1018 1970 ne,

99 1988 224 2050 Redde:
252 1992 300 2050 sin
323 1999 372 2052 est
394 1994 496 2053 mitem
521 1997 556 2051 ut
576 1987 674 2068 nolit,
695 1991 782 2050 recte
803 2009 861 2069 ego
881 1988 1020 2050 conrulni

470 2108 565 2152 meae.

48 2205 73 2247 n.
101 2183 259 2267 Siquidem
280 2184 337 2246 ille
357 2189 425 2267 ipsc
448 2188 509 2246 non
533 2183 600 2246 uolt
622 2193 654 2246 et
673 2195 707 2246 tu
728 2187 823 2247 sensti
838 2205 907 2246 esse
921 2188 953 2245 in
970 2204 1018 2264 eo,
1033 2200 1057 2242 45

468 2286 619 2366 Myrrina,
963 2292 1015 2348 560

100 2381 281 2442 Peccatum:
312 2383 453 2462 oderam,
484 2385 592 2462 quoius
615 2380 745 2442 oonsilio
769 2386 827 2463 ptr
854 2401 891 2442 en
913 2382 1018 2442 fueret

467 2480 611 2560 prdspici.

99 2581 195 2656 Quam
210 2581 316 2641 dhrem
330 2578 479 2639 incendor
493 2581 554 2655 ira,
575 2595 644 2637 esse
658 2596 758 2638 ausam
772 2578 878 2638 ficere
892 2578 969 2636 hoec
984 2579 1017 2636 te

464 2675 581 2734 iniussui
597 2693 682 2734 meo:

99 2759 256 2835 interdico
277 2793 317 2834 ne
339 2772 484 2833 e'xtulisse
511 2779 597 2832 extra
624 2770 709 2831 aedis
741 2788 871 2850 puerum
893 2775 1019 2850 nsqutnr

469 2869 558 2930 uelis.

102 2969 165 3031 sed
186 2989 244 3049 ego
267 2966 409 3045 stulticin,
432 2969 510 3028 mein
533 2965 624 3027 dictis
642 2971 755 3047 pircre
777 2967 856 3026 hunc
877 2967 928 3046 qui
948 2969 1021 3047 pon-

470 3064 575 3125 tulem.

99 3149 155 3226 ino
176 3165 259 3223 intro
280 3168 372 3243 atque
396 3163 513 3223 edicam
535 3164 651 3241 seruis,
672 3164 713 3223 nc
735 3180 885 3242 quoquam
905 3162 1020 3222 ecferri
1033 3169 1059 3210 ⁵⁰

466 3263 576 3324 sinunt.
968 3269 1018 3323 565

48 3364 85 3425 n,
102 3358 225 3431 Nulltm
240 3358 294 3440 pol
312 3359 407 3421 credo
424 3357 587 3419 moilierem
606 3378 655 3419 me
671 3360 862 3418 miseriorem
881 3360 1005 3420 uiueret
