2386 3810
114 140 178 201 230
528 137 706 200 PHORMIO.
945 145 1101 200 vaca-aa

196 320 233 379 ld
246 323 368 379 nasmct
383 317 522 378 indicere
538 318 721 399 placabilius
739 327 797 380 est.

197 416 278 477 Turn
292 417 374 477 hunc
388 419 561 496 inpuraturn
580 419 750 496 paterimna
765 420 874 479 nostra
891 418 984 478 modu

74 539 100 578 ιι
196 515 322 578 vlctsci.
345 516 402 576 l'n.
418 515 517 593 Attat,
538 518 598 574 nisi
613 518 653 574 mi
669 517 837 595 prospicio,
858 517 986 577 haereo.

197 614 241 674 Hi
255 613 439 692 gladiatoria
453 615 554 674 inimo
569 612 671 672 adme
686 612 843 674 adfectant
858 616 949 674 uiam.

114 713 171 774 Cn.
198 712 241 771 Aa
256 713 369 772 uerear
383 719 418 771 ut
430 708 547 791 placiri
561 712 668 790 possit
692 711 748 771 Du.
763 712 850 770 Βόιιο
868 713 971 771 animo
988 731 1036 771 cs:
1066 722 1108 776 965

197 811 265 890 Ego
279 811 417 890 redigam
431 830 487 870 uas
502 811 536 870 iu
551 810 688 888 gritiam,
709 810 769 869 hac
783 809 896 888 fretris,
917 812 1075 890 Chremes,

200 911 298 986 Quom
314 929 333 968 e
347 907 450 968 merliu
466 909 598 967 excessit
614 906 696 966 inde
711 908 788 967 hacc
803 913 980 987 susceptatst
996 911 1060 969 tibi.

76 1033 101 1072 ιι
114 1008 172 1068 Ριι.
198 1009 284 1068 itane
299 1009 390 1086 {gitis
405 1008 548 1067 mecum?
569 1007 643 1066 sttis
659 1012 760 1067 astute
776 1005 993 1084 adgredimini.

197 1104 266 1164 Nau
281 1103 390 1163 hercle
405 1122 444 1163 ex
459 1122 494 1163 re
508 1105 598 1164 iatius
613 1122 662 1163 me
677 1105 840 1182 instigasti,
862 1105 1028 1184 Demipho.

199 1202 258 1262 Ain
273 1203 329 1262 tu?
350 1202 404 1261 ribi
419 1220 497 1280 quae
511 1200 642 1262 lubitum
659 1204 757 1263 fricuit
771 1223 906 1283 peregre
921 1205 1038 1265 feceris
1068 1213 1113 1269 wo

198 1301 307 1380 Neque
320 1301 411 1360 huius
426 1302 468 1360 sis
483 1303 602 1361 ueritus
617 1303 750 1362 feminae
764 1303 941 1381 primariae,

199 1399 281 1474 Quin
295 1401 375 1458 nano
391 1398 481 1458 modo
497 1402 528 1458 ei
542 1400 665 1458 ficeres
679 1399 907 1477 contumeliam,

76 1522 102 1560 aa
198 1497 314 1559 Venias
328 1516 409 1558 nunc
423 1498 567 1576 precibus
581 1495 696 1556 lairtnm
713 1501 875 1576 peccatum
890 1499 1000 1558 tuam?

197 1595 293 1655 Hisce
309 1597 366 1674 ego
380 1594 465 1655 illam
482 1595 573 1654 dictis
586 1597 628 1654 ita
642 1596 700 1654 tibi
715 1597 871 1655 incenstm
888 1594 980 1673 dabo,

198 1694 242 1756 Vt
256 1695 297 1754 ne
311 1695 495 1772 restinguas,
516 1692 661 1754 lacrumis
676 1694 702 1754 si
717 1693 916 1754 extilliucris.
1070 1704 1113 1760 975
1144 1692 1148 1737 ÷

113 1791 171 1854 ΒΕ.
198 1791 328 1869 [Malim
344 1792 427 1871 quad
441 1795 493 1853 isti
510 1792 542 1852 dr·
559 1793 697 1872 deaeque
715 1794 820 1853 ornnes
839 1791 950 1870 duint]

200 1891 341 1950 Tantune
356 1892 513 1951 adfectum
525 1894 707 1971 quc'rnquam
723 1910 792 1951 esse
806 1891 964 1950 huminem
979 1891 1113 1953 audtcia!

75 2010 100 2048 aa
198 1986 267 2044 Nan
280 1987 340 2046 hac
357 1986 524 2067 publicitus
539 1987 640 2047 scelus
655 1989 727 2047 hinc
743 1989 932 2068 asportarier

199 2082 327 2144 Insulas
343 2087 458 2145 terras!
481 2087 538 2148 Cn.
553 2072 587 2146 Ῐιι
602 2087 636 2147 id
651 2087 795 2150 redactus
812 2089 881 2147 arim
894 2086 969 2166 loci,

198 2183 241 2244 Vt
262 2182 337 2262 quid
357 2202 443 2261 agam
463 2203 531 2243 cum
551 2181 608 2244 illo
629 2187 764 2245 nesciam
787 2206 938 2267 prorsum.
974 2188 1032 2247 De.
1053 2171 1112 2266 liga

568 2286 648 2344 seio:
1068 2298 1113 2353 98⁰

197 2386 230 2444 In
247 2386 296 2444 iris
311 2402 424 2445 camus.
447 2368 553 2444 1³an
568 2385 639 2444 ius?
659 2385 730 2462 huc,
753 2384 855 2464 siquid
869 2385 968 2448 lubet.

114 2486 169 2545 Du.
198 2483 390 2563 Adsequere,
407 2485 522 2563 retine,
544 2483 617 2544 dium
634 2504 691 2564 ego
706 2484 766 2543 huc
781 2503 890 2544 seruos
904 2487 1013 2548 duaco.

74 2609 98 2651 aa
113 2583 171 2643 Gn.
196 2583 287 2643 Enim
302 2585 424 2663 nequeo
439 2582 539 2643 solus:
563 2582 703 2645 adcurre.
725 2582 783 2644 Pu.
800 2582 869 2644 Vna
883 2584 1030 2646 iniririast

197 2682 324 2742 Tecrim.
354 2683 413 2744 cn.
434 2683 520 2763 Lege
542 2684 624 2762 agita
645 2701 729 2760 erga.
761 2683 819 2745 Ριι.
844 2666 986 2745 Alter-ast
1003 2689 1114 2763 tecam,

556 2786 715 2846 Chremes

111 2882 166 2942 Da.
194 2881 279 2961 Rape
291 2883 384 2943 hinc.
399 2884 458 2944 Pu.
466 2883 518 2942 Sic
529 2885 641 2961 agitis?
656 2885 737 2944 enim
749 2901 827 2942 uero
838 2883 947 2942 nonest
958 2903 1053 2964 apua:
1066 2894 1113 2950 985

194 2980 401 3060 Nausistrata,
424 2983 482 3042 cxi.
507 2981 565 3042 Cn.
580 2982 623 3041 Os
638 2984 786 3061 apprime.
808 2981 864 3043 lta.
881 2982 1030 3062 inpurum
1046 2983 1113 3044 uide

195 3080 348 3157 Quantum
369 3078 464 3139 ualet.
494 3079 552 3139 l'n.
574 3079 782 3159 Nausistrata,
802 3084 936 3161 inquam.
966 3082 1025 3143 Gn.
1048 3081 1113 3142 Nan

656 3179 673 3221 a

72 3289 96 3327 05
111 3260 167 3321 Pru.
195 3259 350 3319 Taceim?
360 3259 491 3320 DraNisi
503 3183 787 3341 seqiitcirz'pngnos
797 3261 829 3320 in
842 3268 985 3322 uentrem
996 3265 1110 3344 ingere.

111 3356 168 3417 Ριι.
194 3355 255 3420 Vel
270 3355 392 3418 aculam
407 3357 527 3420 calide:
550 3364 599 3420 est
614 3360 665 3420 ribi
680 3379 736 3419 uos
751 3357 883 3419 ulciactr
896 3362 1013 3440 probe(
