2386 3810
75 164 137 225 338

101 351 131 400 V.
154 351 205 401 517
225 351 364 400 trochaicus
382 361 523 402 octonarius

108 460 120 470 -
154 432 205 484 518
223 432 363 482 trochaicus
383 435 540 499 septenarius

109 546 120 555 -
155 519 206 569 519
226 520 258 568 ad
276 519 326 570 523
345 521 444 570 iambici
462 522 584 572 octonarii

108 627 122 637 ·
155 602 206 651 524
226 603 346 653 iambicus
365 606 539 665 quaternarius

108 713 119 722 ·
154 687 205 736 525
223 687 365 737 trochaicus
384 688 528 737 octonarius

108 795 120 805 ·
156 769 208 820 526
226 769 366 819 trochaicus
386 773 544 835 septenarius

109 877 121 887 ·
156 852 207 901 527
225 853 258 902 ad
277 852 329 904 539
346 854 446 902 iambici
466 856 587 904 octonarii

110 960 122 970 -
156 934 209 985 540
228 936 261 985 ad
279 936 328 987 591
350 936 471 986 trochaici
489 942 626 1003 septena-nt

109 1044 122 1054 ·
156 1019 208 1070 592
227 1020 260 1069 ad
278 1019 329 1071 609
348 1020 446 1069 iambici
466 1024 587 1071 octonarii

109 1126 118 1137 ·
156 1101 208 1151 619
224 1110 248 1149 et
264 1101 313 1152 611
332 1101 451 1151 trochaici
470 1106 605 1170 septenarii

109 1206 122 1216 ·
156 1181 207 1232 612
226 1190 251 1231 ct
268 1182 319 1235 613
338 1199 427 1234 versans
447 1185 607 1238 choriambici

109 1293 122 1303 ·
156 1267 208 1318 614
227 1270 348 1319 iambicus
364 1272 480 1321 senarius

109 1376 121 1386 -
155 1350 206 1402 615
224 1352 346 1402 iambicus
365 1356 539 1417 quaternarius

109 1461 121 1471 -
155 1436 207 1487 616
224 1436 366 1488 trochaicus
383 1439 488 1488 dimeter
506 1440 664 1492 catalecticus

109 1544 121 1555 ·
155 1517 206 1568 617
225 1518 367 1569 trochaicus
388 1523 529 1571 octonarius

108 1625 121 1635 -
155 1599 207 1650 618
224 1600 365 1651 trochaicus
383 1605 541 1668 septenarius

108 1711 121 1721 ·
156 1684 208 1736 619
224 1686 256 1735 ad
275 1685 326 1736 624
344 1687 443 1736 iambici
462 1690 583 1739 octonarii

108 1793 121 1805 ·
156 1767 207 1818 625
226 1769 258 1818 ad
274 1769 325 1819 637
342 1769 459 1820 trochaici
478 1773 614 1836 septenarii

109 1877 122 1888 ·
157 1849 209 1901 638
226 1852 259 1901 ad
277 1851 328 1902 678
347 1853 446 1901 iambici
464 1855 556 1903 senarii

109 1961 122 1970 -
156 1935 208 1986 679
226 1936 258 1984 ad
276 1934 327 1986 706
344 1935 464 1986 trochaici
481 1942 617 2004 septenarii

110 2043 122 2051 -
157 2016 208 2067 767
227 2018 259 2067 ad
277 2018 326 2067 711
346 2019 445 2068 iambici
463 2021 599 2087 septenarii

113 2127 121 2137 ·
157 2102 206 2150 712
225 2101 346 2151 iambicus
364 2106 506 2154 octonarius

108 2211 122 2223 ·
157 2185 208 2236 713
226 2186 259 2235 ad
277 2184 328 2235 854
348 2185 446 2235 iambici
464 2188 558 2236 senarii

110 2297 122 2309 ·
157 2270 208 2323 855
226 2271 260 2321 ad
277 2271 325 2321 881
343 2271 461 2321 trochaici
479 2274 614 2337 septenarii

110 2384 122 2394 -
156 2358 207 2410 882
226 2360 259 2409 ad
277 2358 328 2410 933
347 2357 445 2407 iambici
463 2358 557 2407 senarii

109 2467 122 2478 -
156 2442 208 2493 934
227 2442 258 2491 ad
276 2441 327 2492 955
345 2440 443 2490 iambici
461 2443 581 2491 octonarii

109 2552 122 2563 ·
156 2525 208 2577 956
226 2535 251 2576 et
269 2527 320 2578 957
339 2526 438 2576 iambici
457 2528 550 2577 senarii

108 2633 120 2644 ·
154 2608 205 2659 958
221 2610 341 2659 iambicus
359 2613 501 2663 octonarius

108 2714 121 2726 -
156 2692 207 2743 959
225 2694 258 2742 ad
277 2693 328 2744 997
346 2693 464 2745 trochaici
483 2700 630 2763 septenarii.

475 2970 677 2985 σισυ-η--η
