2386 3810
64 182 68 191 ·
128 143 191 209 112
253 210 256 215 ,
491 146 775 208 EVchlivs.
949 148 1077 200 vat-t

211 315 285 376 Mea
305 316 418 376 nritrix.
464 316 514 374 So.
534 315 658 375 Moneo.
703 315 759 375 Grr.
783 315 899 393 Video,
920 316 977 377 sed
995 315 1040 377 nil
1056 337 1080 398 pr

585 433 700 473 moues.

97 516 182 575 ⁵1²1.
213 515 314 573 Iamne
337 511 499 573 istendisti
521 516 607 591 signa
629 513 765 573 nutrici?
809 516 866 575 crr.
889 499 1009 575 Omnia.

127 599 184 659 Pr.
210 599 341 676 Amirbo,
375 596 449 676 quid
476 597 538 656 a'r't?
572 599 792 676 cignoscitne‘i
825 598 883 660 Crr.
918 600 966 658 Ae
991 601 1080 660 meme

583 701 642 756 ter.

127 798 183 861 Pr.
211 797 299 857 Bene
321 794 434 876 edepol
452 815 574 855 narres:
595 816 665 856 nam
686 795 734 856 illi
754 798 845 857 feueo
864 799 987 877 uirgini.

212 896 260 956 lte
281 899 382 954 intro:
403 896 463 955 iem
485 893 599 954 dudum
621 896 674 954 era
692 914 748 954 uos
769 900 914 976 erpeetit
936 895 1028 957 domi.

213 994 324 1057 Virrim
345 995 458 1053 bonum
480 1012 585 1053 eccum
606 992 827 1052 Permenonem
849 992 997 1053 incedere

213 1089 331 1151 videt:
353 1089 426 1148 uide
446 1097 481 1149 ut
502 1092 617 1150 otiisus
638 1092 678 1168 it,
700 1090 795 1150 si.dis
815 1089 926 1171 placet.

213 1187 312 1269 Speri
327 1206 375 1247 me
386 1187 517 1266 habere,
534 1190 585 1266 qui
600 1188 682 1248 hinc
696 1207 764 1247 meo
780 1190 953 1249 excruciem
967 1189 1068 1253 modo.

212 1285 267 1346 ibo
290 1287 389 1362 intro,
412 1283 451 1345 de
475 1286 649 1364 cognitione
670 1293 705 1345 ut
726 1286 844 1345 certirm
865 1287 973 1345 seiam:

211 1383 287 1444 Post
310 1384 398 1445 exibo
421 1389 514 1462 atque
535 1384 616 1443 hunc
637 1385 822 1464 perterrebo
845 1383 1039 1462 sterilegum.

409 1552 608 1612 Periisse.
652 1549 841 1612 Prrruss,

213 1677 345 1757 Reuiso‚
369 1676 444 1757 quid
461 1697 530 1737 nem
550 1676 689 1737 Chaerea
707 1676 759 1735 hie
779 1678 883 1737 rerirm
904 1685 1001 1756 geret.

215 1777 303 1854 Quod
326 1778 352 1836 si
374 1781 441 1837 istu
462 1796 528 1837 rem
549 1777 711 1853 tractim,
734 1774 765 1835 di
787 1781 921 1836 uostrim
942 1778 1049 1856 iidem,

214 1876 362 1949 Quantum
379 1877 412 1933 et
429 1895 516 1952 quam
530 1894 634 1934 ueram
648 1871 771 1933 leridem
787 1875 888 1953 capiet
902 1875 1069 1937 Firmenoi

214 1971 288 2031 Nam
310 1979 345 2030 ut
365 1973 498 2050 mittem,
521 1971 603 2050 quod
625 1974 655 2030 e'i
675 1973 808 2031 emerem
831 1972 1058 2036 diificsslumum

216 2070 438 2148 Garissumum,
458 2073 494 2130 ab
517 2075 683 2130 meretrice
705 2056 795 2130 auara
816 2073 968 2150 uirginem

214 2168 310 2244 Quom
329 2169 465 2246 emebat,
487 2185 557 2227 eum
579 2169 698 2228 confeci
720 2171 787 2228 sine
809 2169 961 2248 molestie,

215 2265 289 2325 Sine
308 2268 449 2345 sirmptu,
470 2267 537 2325 sine
559 2264 720 2345 dispendio
731 2287 745 2325 :·
766 2273 830 2325 trrm
849 2269 908 2327 hoc
927 2268 1070 2352 tlterum,

218 2362 253 2423 ld
275 2365 380 2423 uerost
401 2363 483 2443 quod
503 2382 561 2442 ego
577 2366 650 2423 mihi
672 2372 746 2444 puto
767 2363 948 2443 palmirium

214 2461 269 2522 Me
291 2463 484 2542 repperisse,
507 2467 566 2542 qud
589 2463 678 2522 modo
701 2462 949 2524 adulescentulus

213 2559 416 2620 Meretricum
440 2563 563 2640 ingenia
584 2569 617 2621 et
637 2563 737 2620 meires
759 2570 865 2640 posset
884 2566 1029 2644 miscere,

213 2658 338 2718 Matrire
360 2666 394 2717 ut
415 2680 506 2738 quom
529 2662 671 2738 eogndrit
690 2669 842 2739 perpetuo
866 2661 979 2727 ederit.

214 2757 298 2830 Quae
319 2756 389 2816 ditm
410 2758 487 2817 foris
509 2765 598 2834 sunt,
619 2756 665 2816 nil
680 2757 804 2817 uidetur
825 2758 980 2838 mrindius,

212 2853 277 2927 Nee
304 2856 399 2931 migis
427 2857 627 2935 compositum
661 2858 821 2933 quicquam
847 2875 906 2915 nec
938 2860 1035 2938 magis
1066 2860 1080 2920 ἑ

582 2972 671 3032 gans:
1076 2969 1080 3018 t

213 3048 310 3125 [Quae
333 3069 400 3109 cum
423 3057 557 3110 amatore
578 3072 632 3111 suo
656 3072 723 3110 eum
744 3058 856 3111 cenant
876 3051 1055 3136 ligurriunt]

210 3149 329 3208 Harrim
351 3147 459 3208 uidere
479 3148 627 3210 inlriuIem
649 3150 757 3210 sordes
779 3153 923 3230 inopiam,
963 3196 966 3201 <

212 3245 308 3320 Quam
329 3248 509 3308 inhonestae
525 3247 610 3309 solae
632 3254 694 3311 siut
715 3249 796 3309 domi
819 3258 912 3329 etque
930 3252 1040 3312 auidae
1057 3254 1081 3312 ei

213 3343 280 3420 Quo
295 3347 385 3424 picto
400 3364 437 3406 ex
458 3347 525 3407 iure
545 3349 692 3409 heste'rno
707 3368 820 3430 panem
841 3357 943 3415 rtrrim
963 3360 1080 3433 rorent,
