2386 3810
54 150 62 200 t
76 148 192 204 35-05
437 141 614 204 PHORMIO.
964 147 1022 211 187

106 325 257 384 Restabat
271 323 356 385 aliud
369 323 414 384 nil
428 326 487 384 nisi
504 323 608 384 oculos
622 330 760 406 pascere,
989 340 1022 393 85
1036 349 1065 392 sa

108 425 241 502 Stactari,
263 426 297 484 in
308 421 416 485 ludum
431 424 546 485 dicere
560 434 592 485 et
607 425 789 488 reddicere.

106 522 171 583 Nos
189 522 281 582 aliosi
295 526 420 602 operam
438 520 581 582 dabamus
596 523 777 586 Phaedriae.

106 621 141 680 ln
161 639 221 699 quo
238 620 315 679 haec
333 619 471 679 discebat
484 618 571 698 lado,
593 620 794 680 exaduorsum
810 623 840 680 ei
855 618 925 680 loco

105 717 254 778 Tostrina
271 722 339 776 crat
357 715 515 795 quaedam,
535 716 587 776 hic
604 717 776 777 solebamus
793 718 862 776 fere

105 813 294 894 Pleramque
309 831 375 873 eam
387 815 534 893 opperiri,
550 812 622 874 dum
635 812 709 874 inde
721 814 783 873 irat
797 813 927 876 domum.
987 823 1021 877 90
1034 832 1065 872 so

104 912 230 972 Interea
248 909 318 970 dum
335 909 478 970 sedemus
496 909 553 994 illi,
573 911 742 970 interuenit

106 1007 301 1068 Adulescens
319 1006 440 1085 qnidam
458 1006 639 1067 lacrumans.
659 1027 716 1067 nos
732 1009 883 1069 mirarier.

104 1108 259 1185 Rogamus
274 1104 347 1184 quid
358 1106 414 1165 sit:
429 1105 603 1185 ‘nimquam
616 1110 725 1184 aeqne'
740 1108 841 1186 inquit
855 1107 901 1167 ‘ac
912 1105 1003 1166 modo

103 1204 276 1284 Paupertas
291 1205 366 1263 mihi
381 1222 456 1264 onus
471 1204 597 1264 uisumst
612 1211 644 1265 et
655 1207 801 1266 miserum
816 1207 848 1264 at
862 1224 965 1284 graue.

103 1303 202 1366 Modo
215 1300 365 1383 quandam
381 1301 445 1361 uidi
459 1304 610 1380 uirginem
623 1304 674 1363 lric
689 1304 818 1363 uiciniae
984 1312 1017 1365 95
1030 1326 1061 1365 so

103 1401 264 1477 Miseram,
285 1418 369 1459 suam
385 1405 513 1458 matrem
531 1396 694 1459 lamentari
710 1402 875 1461 martnam:

103 1499 150 1557 Ea
167 1501 227 1557 sita
241 1503 309 1557 erat
327 1493 526 1556 exaduarsom
542 1515 643 1574 neque
658 1495 706 1556 illi
721 1492 901 1556 beniuolens

101 1593 212 1671 Neque
226 1594 317 1652 natus
330 1611 430 1669 neque
446 1598 592 1671 cognatus
608 1601 695 1653 extra
708 1611 797 1651 unam
811 1590 959 1650 aniculam

104 1692 271 1771 Quisquam
286 1689 403 1767 aderat,
420 1692 471 1768 qni
487 1689 639 1749 adiutaret
655 1692 756 1749 funus.
778 1690 987 1750 miseritumsi.

104 1788 202 1867 Virgo
217 1791 283 1868 ipsa
297 1787 376 1846 faeie
395 1787 542 1864 egregia?
566 1785 640 1865 quid
657 1787 761 1846 uerbis
777 1786 887 1865 opust?
966 1795 1017 1846 100
1031 1805 1061 1846 so

104 1884 281 1945 Commarat
298 1883 396 1942 omnis
414 1885 480 1940 nas.
503 1883 546 1941 ibi
564 1884 708 1943 continuo
725 1865 859 1960 ilntiplro

101 1979 258 2043 ‘Voltisne
273 1998 376 2039 eamus
391 1981 492 2038 uisere
499 1979 526 2038 ’.θ’
550 1979 625 2039 alins
648 1980 790 2039 ‘oensem

99 2080 229 2142 Eamus:
252 2077 310 2138 duc
326 2097 382 2137 nos
397 2076 510 2137 cades?
533 2079 621 2157 imas,
640 2079 788 2155 minimus,

102 2174 266 2238 Vide'mus:
288 2175 377 2252 uirgo
392 2175 537 2253 pirlclrra:
559 2181 592 2234 et
607 2196 665 2254 quo
681 2177 776 2254 magis
793 2174 924 2250 diceres,

101 2270 155 2335 Nil
169 2270 277 2332 aderat
290 2270 455 2331 adiumenti
472 2271 510 2330 ad
523 2271 799 2351 pulchritirdinem:
965 2281 1014 2332 105
1028 2289 1057 2328 os

103 2367 241 2448 (lapillus
254 2388 371 2449 passus,
392 2368 492 2429 nirdus
505 2387 571 2448 pes,
590 2371 656 2449 ipsa
670 2370 807 2446 horrida,

101 2467 280 2546 lacrumae,
295 2469 427 2527 uestitus
443 2468 557 2547 tirrpis:
580 2474 623 2537 ut,
638 2469 670 2526 ni
685 2471 733 2527 nis
748 2469 822 2526 boni

100 2567 136 2627 ln
152 2568 218 2646 ipsa
232 2566 348 2626 inesset
363 2566 472 2639 farma,
492 2565 569 2624 haec
586 2567 714 2625 formam
730 2569 954 2642 extinguerent.

101 2661 160 2723 llle
176 2664 228 2743 qul
244 2661 327 2722 illam
343 2663 462 2721 amabat
477 2661 634 2721 fidicinam
651 2663 767 2721 tantam
781 2659 872 2720 modo

101 2761 207 2822 ‘Satis’
220 2761 319 2838 inquit
330 2759 476 2820 ‘scitust'z
491 2762 599 2818 nostor
608 2779 682 2820 uero
692 2807 715 2822 ..
731 2760 790 2818 Da.
800 2759 860 2818 lam
873 2759 951 2818 scio:
965 2769 1015 2821 110
1028 2771 1059 2815 tc

101 2860 214 2921 Amare
229 2860 342 2938 coepit.
373 2859 430 2919 Gn.
445 2857 518 2918 Scin
534 2860 644 2936 quam?
666 2878 725 2936 quo
742 2856 851 2917 euadat
867 2856 947 2919 uide.

99 2956 257 3018 Postridie
273 2954 312 3015 ad
326 2976 416 3016 anum
430 2957 516 3016 racto
530 2958 647 3037 pergit:
670 2958 821 3034 amoenat,

99 3055 145 3118 vt
160 3054 219 3114 sibi
234 3055 299 3114 eius
316 3054 409 3114 iaciat
424 3055 551 3134 capiam.
573 3053 627 3113 illa
643 3056 724 3115 enim
742 3056 776 3114 se
790 3061 884 3133 negat

99 3152 209 3231 Neque
224 3170 294 3211 cnm
309 3152 438 3230 aequom
458 3155 500 3211 a’it
514 3153 634 3212 facere:
659 3151 740 3212 illam
756 3154 855 3212 ciuem
871 3169 941 3215 esse
958 3136 1016 3215 at-

472 3251 562 3310 ticam

98 3347 216 3408 Bonam
230 3347 319 3407 bonis
333 3350 527 3427 prognatam·
549 3347 575 3406 si
590 3348 716 3406 uuore'm
731 3344 809 3407 uelit
964 3357 1015 3410 115
1029 3360 1057 3402 os
