2386 3810
70 179 235 233 rara-oo
440 175 648 238 ADELPHI.
978 180 1040 247 307

123 357 214 416 Prius
230 355 421 433 olfecissem,
443 362 531 436 quam
546 359 603 419 ille
620 362 780 439 quicquam
796 362 966 441 coeperet?

70 474 90 516 r.
123 455 320 534 Vigilantiam
336 462 418 515 tuam
434 458 468 514 00
485 458 558 516 mihi
574 459 703 518 narras?
724 459 781 519 00.
799 459 850 518 Sic
866 462 926 519 siet

121 552 217 612 Modo
231 559 266 612 ut
279 555 361 613 minc
375 560 438 631 est,
459 573 580 632 quaeso.
605 555 657 615 80.
675 556 717 616 Vt
732 559 860 634 quisque
876 576 962 617 suom
974 555 1042 618 uolt
1054 573 1081 612 aa

493 653 577 729 esse,
599 655 681 714 itast.

70 768 93 807 a.
121 745 202 824 Quid
218 747 310 806 edm?
331 746 459 807 uidistin
474 748 590 809 hodie?
613 750 665 810 80.
681 750 822 809 Tuumne
837 748 960 811 filium?
988 761 1040 815 400

120 845 248 922 Abigam
269 845 351 904 ha'mc
372 865 434 905 rus.
462 847 521 904 iam
539 845 652 906 dudum
670 846 787 925 aliquid
801 848 868 907 ruri
882 865 975 924 agere
991 851 1040 906 tr-

491 945 600 1004 bitror.

70 1061 91 1101 a.
121 1040 209 1100 Satin
224 1043 283 1099 scis
298 1042 342 1099 ibi
357 1042 448 1100 esse?
472 1041 524 1103 80.
540 1042 598 1118 oh,
615 1043 667 1120 qui
683 1043 804 1120 egomet
817 1041 957 1122 produxi.
981 1042 1036 1103 00.

493 1125 672 1218 Optumest:
833 1211 835 1215 ¹

120 1236 221 1295 Metui
233 1252 274 1294 ne
288 1235 435 1294 haereret
450 1235 508 1294 hic.
533 1235 586 1295 80.
600 1237 702 1314 Atque
717 1238 829 1296 iratum
845 1235 1015 1296 admodum.

70 1353 90 1393 a.
118 1331 199 1408 Quid
215 1332 339 1391 auitam?
362 1332 414 1392 Sr.
431 1330 568 1391 Adortus
589 1334 720 1411 iairgiost
742 1317 872 1394 fratrem
889 1332 970 1414 dpud
990 1334 1075 1398 t'o·ao

491 1449 558 1489 rum

118 1528 164 1587 00
185 1525 315 1607 psaltria
334 1528 419 1590 istac.
448 1527 505 1589 00.
524 1528 583 1587 Ain
603 1529 703 1587 uero?
731 1526 782 1588 80.
804 1527 869 1605 Ah,
895 1525 940 1587 nil
962 1529 1040 1587 reti·

486 1627 558 1687 cuit.
986 1633 1037 1688 405

118 1721 192 1782 Nam
207 1730 242 1782 00
258 1723 476 1781 numerabatur
490 1723 573 1781 fdrte
588 1727 765 1800 argeutum,
783 1724 954 1782 interuenit

118 1822 218 1881 Homo
238 1820 276 1880 de
292 1820 465 1899 inprouiso:
487 1822 591 1899 coepit
608 1819 738 1879 clamare
759 1823 789 1878 ‘o
804 1822 971 1899 Aeschine,

118 1920 255 1978 Haecine
271 1917 387 1994 flagitia
402 1917 507 1975 fateare
524 1918 572 1976 te!
595 1919 671 1975 haec
687 1923 719 1976 00
735 1918 898 1979 admittere

118 2016 244 2094 indigna
258 2032 374 2093 genere
388 2004 522 2073 ndstra?
545 2014 601 2075 Dn.
619 2015 684 2092 oh,
706 2013 841 2075 lacrumo
859 2015 978 2094 gaddio.
1050 2043 1076 2083 55

70 2135 86 2175 r.
116 2112 196 2173 ‘Non
211 2121 245 2172 tu
259 2114 318 2172 hdo
333 2119 493 2191 argeutum
508 2111 630 2192 perdis,
653 2112 710 2172 sed
727 2116 821 2174 uitam
835 2117 940 2174 tuam)
984 2127 1036 2179 alo

85 2261 90 2274 .
120 2209 227 2272 8010όο
242 2213 297 2271 sit:
319 2230 421 2290 spero,
438 2211 608 2272 estsimilis
624 2214 772 2273 maiouim
787 2232 881 2274 suom.
899 2212 950 2274 Sr.
962 2213 1032 2272 Hui.

70 2331 88 2370 a.
118 2310 213 2388 Syre,
234 2310 469 2389 praeceptorum
485 2308 610 2390 plenust
628 2312 757 2370 istorum
774 2309 837 2369 ille.
862 2308 914 2372 80.
930 2309 1015 2388 Phy:

117 2408 206 2466 Domi
220 2408 327 2466 habuit
343 2405 423 2466 unde
440 2406 585 2467 disceret.
607 2406 662 2468 00.
679 2407 731 2465 Fit
749 2405 872 2465 sedulo:

116 2503 168 2563 Nil
185 2504 417 2583 praetermitto:
440 2502 652 2563 consuefacioa
675 2502 809 2580 de'uique
1048 2523 1074 2563 ao

116 2601 271 2680 Inspicere
288 2607 439 2679 tamquam
453 2603 486 2660 in
501 2598 660 2681 speculum
675 2602 706 2659 in
724 2602 802 2660 uitas
818 2601 951 2659 omnium
984 2609 1034 2665 415

116 2698 207 2757 iubeo
222 2704 314 2776 atque
332 2718 370 2759 ex
384 2697 453 2758 aliis
467 2702 589 2759 sumere
606 2697 779 2778 exempldm
796 2700 863 2758 sibi.

117 2798 197 2856 ‘Hoc
219 2798 337 2856 facito!
361 2797 414 2857 Sr.
430 2796 528 2855 Recte
550 2801 634 2856 sane.
661 2798 716 2856 00.
733 2796 812 2856 ‘Hoc
831 2797 951 2874 fugito!
981 2796 1034 2856 80.

488 2892 617 2955 Callida.

70 3013 88 3050 a.
117 2990 198 3048 ‘Hoc
208 2987 346 3049 laridist?
362 2988 413 3048 80.
428 2975 524 3048 istaec
536 2990 587 3048 ras
600 2996 656 3050 000.
674 2991 819 3050 Dra‘Hoc
833 2991 909 3049 uitid
921 2988 1034 3052 datur!

70 3107 84 3147 τ,
116 3086 322 3147 Probissume.
335 3085 498 3146 DnPorro
509 3087 624 3146 mitem.
633 3131 639 3145 .
649 3086 776 3148 Sr.Nou
789 3084 896 3146 hercle
908 3088 1063 3147 dtiumstaa

116 3182 202 3242 Nunc
217 3184 258 3241 mi
273 3181 473 3246 adscultandi.
497 3184 590 3262 piscis
605 3202 643 3243 ex
656 3185 812 3243 sententia
982 3194 1035 3244 420

116 3281 229 3341 Nactais
243 3301 324 3341 suna:
348 3281 377 3340 ei
392 3281 467 3340 mihi
483 3299 522 3340 ne
539 3284 774 3361 corrumpantur
789 3281 936 3340 cadtiost:

116 3379 192 3439 Nam
206 3377 239 3438 id
256 3380 345 3440 ndbis
361 3385 422 3439 tam
437 3380 615 3459 flagitiumst
632 3399 720 3458 quam
735 3376 810 3515 0Ιὲὦ
820 3377 954 3501 *Demea
