2386 3810
83 127 223 180 112-29
290 118 476 181 HEAVTON
502 119 790 181 Tlnouvunnos.
988 122 1049 186 169

78 325 105 365 n.
130 301 212 380 Quid
234 301 298 361 uit?
325 302 390 363 Mn.
406 301 550 361 Gaudere
573 300 649 360 tdeo
673 307 791 382 coepit,
816 306 902 382 quusi
926 306 977 384 qui
997 325 1050 366 ou-

501 400 589 479 piuut
609 401 740 480 miptius.
996 414 1048 469 885

78 521 104 560 n.
129 499 288 559 lttlntrae.
326 498 390 559 Mn.
413 497 493 575 Quid
521 499 638 558 risisti?
679 501 737 560 Cn.
757 499 848 562 Serui
874 503 990 563 uenere
1015 505 1048 564 in

502 597 635 654 mentem
658 596 728 674 Syri

131 692 335 756 calliditates.
368 693 433 753 Mn.
452 677 560 753 itane?
596 693 655 754 Cn.
671 692 784 754 Voltus
808 698 929 774 qudque
950 699 1050 757 homi-

501 809 572 848 num
591 790 680 868 fingit
701 789 812 851 sceluS.

78 887 110 949 'n
130 888 249 947 Guttun
271 883 353 964 quod
374 904 408 945 ee
429 883 591 947 austmulat
611 887 735 967 laetum,
757 889 790 948 id
813 888 912 950 diois?
931 892 988 952 Cn.
1004 890 1047 951 ld.
1063 910 1088 950 to

503 985 567 1045 Mn.
584 985 667 1045 Idem
686 987 766 1046 istrie
788 988 863 1047 mihi

130 1083 228 1145 Venit
241 1082 274 1141 in
290 1082 434 1141 mentem.
458 1082 707 1143 (inveterator.
729 1084 793 1145 Mn.
810 1085 921 1165 Mtgis,
942 1087 968 1145 si
986 1106 1049 1147 ma-

503 1181 549 1257 gis
571 1184 665 1258 noris,
687 1188 778 1262 putes
997 1194 1049 1248 889

129 1264 176 1339 ita
202 1297 268 1338 rem
289 1294 368 1338 esse.
401 1276 459 1338 Cn.
481 1279 540 1337 Ain
564 1279 620 1338 tu?
651 1280 716 1339 Mn.
737 1279 817 1355 Quin
843 1288 875 1339 tu
901 1278 1048 1341 ausculto.

366 1374 425 1435 Cn.
444 1374 537 1434 Mdue
555 1380 634 1454 dom,
651 1377 710 1436 hoe
725 1379 811 1457 prius
829 1380 908 1437 seire
925 1381 1048 1458 expeto,

132 1471 213 1549 Quid
231 1470 417 1552 perdideris.
439 1491 507 1530 nam
530 1474 580 1533 ribi
601 1473 782 1554 desponsam
804 1476 951 1534 nuntiasti
969 1474 1048 1553 filio,

131 1570 286 1630 Cdntiuuo
305 1569 450 1628 iniecisse
471 1571 566 1629 uerba
587 1573 645 1629 tibi
665 1571 849 1631 Dromonem
869 1569 1000 1650 scilieet,

132 1667 270 1748 Spdnsue
290 1673 407 1727 uestem
426 1685 530 1725 eurum
549 1671 640 1744 itque
656 1665 782 1726 ancillas
801 1670 875 1746 dpus
893 1686 977 1727 esse:
1000 1690 1049 1728 ar·
1061 1693 1088 1734 20

502 1771 626 1842 gentum
648 1766 682 1823 rit
701 1763 800 1826 dores.

78 1864 111 1928 n.
129 1865 209 1928 Non.
238 1864 296 1925 Cn.
314 1861 415 1939 Quid?
436 1862 521 1921 non?
547 1860 612 1922 Mn.
627 1861 695 1922 Non
713 1864 843 1940 inquom.
866 1863 924 1926 Cn.
941 1862 1049 1944 Neque

323 1967 391 2044 ipse
408 1965 539 2042 guitur?
560 1964 625 2023 Mn.
641 1962 693 2023 Nil
713 1965 866 2044 prorsum,
890 1965 1048 2027 Chremes.

132 2064 233 2142 Migie
259 2082 350 2121 unum
382 2063 474 2120 etiam
501 2061 635 2139 instrue,
668 2070 703 2122 ut
727 2060 821 2122 hodie
849 2062 1050 2122 conficiantur

504 2160 639 2239 m'rptiae.
997 2169 1048 2222 895

78 2280 107 2321 n.
130 2248 214 2320 Mira
235 2276 351 2317 narras,
375 2253 449 2335 quid
465 2255 561 2335 Syrus
584 2260 691 2317 meus?
713 2277 753 2318 ne
776 2262 802 2317 ts
823 2256 946 2336 quidem
964 2257 1050 2336 quie-

504 2357 616 2433 qudm?
638 2357 702 2418 Mn.
718 2355 811 2415 Nihil.
985 2356 988 2362 ’

78 2473 109 2516 n.
136 2457 230 2533 Quam
254 2453 372 2530 dbrem,
394 2453 509 2511 neseio.
535 2453 599 2513 Mn.
615 2438 767 2532 Equidem
788 2455 894 2529 miror,
918 2454 970 2531 qni
991 2451 1050 2512 iliu

505 2557 566 2609 turn
588 2547 681 2629 plane
703 2551 790 2608 scius.

133 2647 197 2709 de
210 2646 269 2708 ille
285 2654 368 2706 tuom
385 2647 507 2725 quoque
523 2647 619 2726 Syrus
638 2646 720 2706 idem
736 2650 814 2705 mire
831 2646 920 2704 finxit
938 2643 1049 2722 filium,
1064 2661 1091 2703 oo

132 2731 176 2808 v‘t
197 2764 238 2806 ne
259 2743 417 2825 paululr‘rm
440 2744 563 2823 quidem
587 2742 707 2803 subolut
729 2745 797 2802 deso
823 2743 947 2801 amioum
972 2742 1051 2802 hono

504 2840 630 2904 Cliniae.

78 2963 105 3006 n.
133 2941 214 3021 Quid
235 2941 300 3002 uie?
322 2941 387 3002 Mn.
404 2941 498 3002 Mitto
518 2941 577 2999 ium
600 2937 732 2998 dsculuri
756 2942 847 3014 atque
868 2935 1050 3016 implexari:

502 3037 534 3096 id
555 3035 600 3096 nss
618 3044 701 3117 puto.
1000 3044 1052 3097 900

78 3163 103 3205 n.
132 3138 213 3217 Quid
225 3145 274 3200 ent
286 3137 368 3219 quod
380 3137 508 3218 umpliris
522 3135 705 3197 simuletur?
720 3133 786 3194 Mn.
802 3133 880 3195 th.
899 3132 957 3193 Gn.
971 3129 1052 3208 Quid

504 3234 663 3317 estiMn.
680 3229 763 3290 Audi
780 3228 882 3290 modo.

130 3320 190 3396 nst
204 3334 279 3394 mihi
294 3331 410 3394 ultImts
425 3332 571 3393 conclaue
586 3333 618 3389 in
634 3327 760 3388 oe'dibus
777 3327 929 3408 quoddim
947 3332 1052 3389 retror
