2386 3810
72 189 198 241 raa-so
434 188 642 250 ΑΝΒΒΙΑ.
1004 189 1044 253 11

118 360 165 420 Εο
187 361 278 439 pecto
301 363 333 416 et
354 356 438 434 gnati
460 361 552 414 uitam
575 364 608 416 et
630 356 791 417 consiliiim
810 377 913 419 meum

119 456 313 533 Cogneaces,
331 459 364 511 et
386 451 461 530 quid
481 452 585 512 ficere
606 455 638 512 in
659 453 717 513 bac
739 473 775 514 re
797 456 830 514 te
850 452 955 516 uelim.
1009 463 1044 516 50
1146 486 1149 503 ι

117 553 193 612 Nam
215 553 243 610 is
264 552 428 631 pestquam
449 551 582 609 excessit
603 553 640 610 ex
663 553 792 632 ephebis
814 552 925 631 [Sosim

116 648 262 708 Liberius
282 645 410 706 uiuendi
424 646 484 706 init
503 650 652 727 potestas]
676 650 761 726 (nam
783 655 873 709 intea
1059 669 1086 711 π

118 747 179 822 Qui
199 748 281 804 scire
302 762 410 823 posses
426 745 479 803 arii
499 744 656 821 ingenium
678 747 833 820 nescere,

115 841 195 901 Dum
216 843 299 899 actes
320 845 419 899 metus
441 843 586 917 magister
608 842 836 919 prohibebent?
869 841 920 902 So.
942 840 1042 920 least.)
1096 890 1097 894 ,

68 988 70 1000 .
119 937 203 1017 quod
226 936 371 1018 plerique
392 957 497 997 omnes
519 928 635 997 ficiunt
655 938 891 1018 adulescentuli,
1007 947 1042 1001 55

117 1037 163 1099 Vt
177 1036 310 1095 inimum
325 1033 363 1092 ad
379 1032 503 1112 aliquod
526 1033 660 1094 stridinm
676 1035 857 1115 adiungunt,
878 1037 930 1096 aet
945 1054 1041 1115 equos
1165 1030 1167 1034 ’

116 1130 214 1192 illere
237 1133 290 1190 orit
311 1148 402 1207 canes
424 1129 463 1189 ad
483 1129 671 1214 cenandum,
693 1140 745 1192 ant
766 1133 804 1193 ad
824 1132 1042 1214 philosophos:
1057 1154 1103 1196 ao.

116 1230 239 1290 Horum
260 1227 313 1288 iile
330 1227 375 1288 nil
396 1228 523 1307 egregie
541 1235 668 1308 praeter
690 1231 795 1290 cetera

118 1325 288 1402 studebat,
311 1330 343 1384 et
363 1313 467 1384 tamen
488 1326 588 1384 emnia
609 1327 686 1386 haec
705 1326 914 1398 mediocriter.

118 1422 307 1484 Gaudebam.
341 1422 392 1481 So.
412 1423 481 1481 Non
499 1423 627 1482 inieria:
649 1444 719 1483 nam
739 1423 772 1483 id
794 1426 929 1484 irbitror
1006 1432 1042 1486 60

117 1520 268 1600 Adprime
289 1522 321 1578 in
343 1521 408 1579 uita
430 1530 499 1579 esse
521 1518 615 1598 etile,
633 1527 669 1581 ut
688 1521 805 1601 nequid
825 1523 926 1585 nimis.

68 1669 69 1676 ,
116 1619 170 1679 Sic
190 1618 253 1678 nita
274 1625 356 1678 erat:
378 1616 471 1677 facile
494 1620 599 1678 emnes
614 1620 758 1698 perlerre
780 1618 814 1678 ec
834 1621 914 1699 pati:
1060 1641 1087 1681 ao

118 1717 197 1775 Cum
218 1717 328 1793 quibus
351 1720 419 1774 crat
439 1731 592 1794 quomque
614 1716 690 1793 aina,
712 1717 758 1775 eis
773 1734 842 1775 sese
866 1714 999 1776 dedere:

115 1815 234 1875 Eerum
255 1811 366 1872 studiis
388 1814 532 1889 ebsequi:
556 1811 716 1889 [aduorsus
738 1814 868 1872 nemini:

114 1910 286 1988 Numquam
307 1928 502 1990 praeponens
522 1928 561 1970 se
571 1907 650 1989 illis]
669 1912 712 1970 ita
730 1903 890 1972 ¹i'ocillume
1007 1920 1042 1974 65
1076 1915 1080 1922 '

116 2008 192 2068 Sine
212 2005 329 2073 inuidia
347 2007 470 2067 laudem
491 2009 630 2068 inuenias
651 2015 684 2068 et
705 2010 817 2068 amices
838 2025 939 2090 pares.

70 2156 77 2168 .
118 2098 285 2184 Sapienter
306 2104 401 2162 uitam
421 2104 570 2188 instituit:
590 2124 722 2183 namque
742 2105 802 2164 hoc
823 2084 965 2185 tempore
1058 2128 1085 2168 io

117 2200 308 2279 Obsequium
330 2201 458 2279 amicos,
480 2201 596 2262 ueritas
618 2200 721 2261 odiem
741 2204 833 2282 parit.

68 2346 71 2358 .
117 2299 243 2358 Interea
264 2294 375 2356 mulier
395 2297 544 2376 quaedam
563 2298 674 2357 abhinc
689 2299 857 2358 triennium

116 2396 165 2455 Ex
183 2376 290 2453 dndro
309 2395 519 2472 commigreuit
537 2394 597 2452 hnc
619 2395 761 2472 uiciniae,
1006 2402 1041 2458 'io
1074 2424 1075 2428 ¹

116 2493 224 2573 lnepia
246 2497 279 2552 et
299 2494 497 2569 cognaterum
517 2489 717 2569 neglegentia
1093 2554 1095 2558 μ

118 2591 251 2668 coecis,
270 2590 395 2668 egregia
412 2589 512 2658 ferma
531 2594 623 2667 atque
646 2592 747 2646 aetate
768 2589 899 2664 integra.
1057 2611 1084 2652 m

68 2723 81 2750 κ.
117 2690 174 2766 Εἰ,
193 2689 308 2748 uereor
329 2687 447 2767 nequid
468 2670 586 2746 ilndria
608 2684 752 2763 adportet
771 2681 853 2742 mali.

68 2835 72 2848 .
114 2788 220 2847 l'rlmo
239 2787 316 2846 haec
337 2785 449 2867 pudice
471 2787 563 2867 uitam
585 2801 679 2865 parce
701 2802 736 2842 ac
757 2779 878 2841 diriter

118 2885 255 2962 Agebat,
276 2881 347 2942 lana
369 2903 403 2942 ac
425 2881 487 2942 tela
508 2883 623 2940 uictum
646 2879 836 2958 quaeritans:
1004 2887 1038 2941 75

118 2978 184 3040 Sed
204 2982 366 3060 pestqnam
387 2997 488 3038 amans
510 2979 641 3037 accessit
662 2977 796 3055 pretium
816 2972 1000 3054 pellicens,

118 3075 208 3137 Vmis
229 3077 357 3144 etitem
379 3074 474 3134 alter:
495 3078 538 3134 ita
559 3080 594 3132 nt
615 3072 801 3150 ingeniumst
822 3071 954 3130 emnium
1057 3101 1083 3141 50

118 3173 285 3233 Hominum
304 3173 341 3232 eb
362 3170 469 3230 labore
490 3168 631 3250 precliue
652 3167 690 3228 ad
708 3168 888 3244 lubidinem,
951 3197 953 3201 .

119 3271 252 3351 Accepit
273 3269 497 3345 condicienem,
521 3267 594 3327 dein
615 3273 773 3344 quaestum
791 3265 912 3344 eccipit.

119 3367 180 3444 Qui
201 3372 267 3425 inm
284 3364 368 3426 illam
389 3367 545 3445 amabant,
566 3365 664 3440 leste,
685 3364 728 3422 ita
744 3368 778 3422 ut
797 3363 849 3442 iit,
871 3360 968 3421 seium
1004 3368 1040 3423 80
