2386 3810
61 161 210 214 ιιι-ιιι
436 155 613 241 PHQRMIO.
958 158 1021 222 201

110 319 314 398 Adulescens,
331 324 461 402 primum
477 325 530 383 ubs
546 331 579 383 te
595 325 653 383 hdo
670 323 749 383 bonu
766 325 857 384 uenit
874 330 958 404 peto,

111 418 144 478 Si
159 420 217 479 tihi
233 418 356 499 placere
371 421 452 499 peltis
467 428 525 499 est,
544 423 634 482 mint
649 421 851 501 respdndeuu:

111 520 209 596 Quem
221 521 348 577 amicum
359 522 442 578 tuom
455 521 498 576 uis
510 519 604 578 luisse
614 514 717 596 istum,
730 517 856 598 explent
867 520 953 596 mihi,
968 529 1020 584 380

109 614 152 673 Et
165 615 219 691 qul
233 620 393 691 cognatum
409 616 459 672 me
476 616 535 675 sibi
550 634 618 674 esse
632 615 760 678 diceret.

56 733 73 772 ιι
110 709 248 770 Proinde
271 713 429 791 expiscere
451 713 535 790 quisi
563 731 625 771 nou
648 731 762 776 nosses.
790 714 846 779 Du.
870 715 1019 776 Ndsseml
1033 729 1059 773 tt

472 810 529 872 Ριι.
547 811 600 873 lta.

56 925 80 965 u.
109 907 175 983 Ego
190 907 240 965 me
255 923 350 984 nego:
368 912 402 966 tu
418 909 525 986 quiuis
541 907 649 987 redige
665 909 698 968 iu
713 910 899 970 memorium.

56 1023 81 1064 ιι.
110 1004 178 1062 nno
194 1009 239 1080 tri,
254 1005 411 1063 sobrinum
425 1007 509 1065 turim
524 1025 586 1064 uon
601 1008 714 1065 norae?
737 1007 791 1068 Du.
806 991 926 1067 liniens,

108 1098 165 1160 Dic
184 1103 305 1162 udmen.
339 1101 395 1164 Pu.
418 1101 560 1161 Nomen?
580 1106 725 1166 mtxume.
754 1103 809 1164 Du.
836 1101 917 1181 Quid
936 1104 1019 1161 utine

469 1201 574 1259 taces?
967 1210 1018 1264 385

56 1316 80 1357 ιι,
109 1295 195 1354 Perii
207 1295 324 1374 hercle,
339 1316 451 1357 nomeu
461 1296 593 1376 perdidi.
614 1297 669 1359 Du.
683 1297 772 1372 Hem,
789 1295 863 1374 quid
874 1287 942 1355 uis?
959 1296 1016 1358 Pn.

469 1396 558 1471 Geta,

107 1491 141 1551 Si
154 1492 322 1551 meminirti
336 1491 368 1550 id
386 1491 468 1570 quod
483 1491 555 1552 ‹tlim
574 1492 729 1569 dictumst,
745 1491 859 1550 sribice.
878 1491 959 1566 hem,
1032 1509 1059 1549 ru

105 1588 175 1648 Nun
190 1587 272 1647 dieo:
296 1589 381 1666 quasi
394 1607 456 1647 nou
473 1590 568 1666 miris,
585 1593 767 1667 temptatum
782 1585 916 1648 iduenis.

56 1708 76 1748 u.
106 1687 215 1765 Egone
236 1687 336 1746 etitem
358 1688 498 1767 tempto?
526 1688 582 1747 Gn.
599 1685 709 1764 Stilpo.
741 1686 798 1747 Pu.
817 1686 919 1763 Atque
940 1685 1016 1744 adeo

471 1783 545 1862 quid
561 1783 649 1842 meu?

106 1880 245 1960 stilpmt.
267 1881 324 1944 Du.
339 1885 436 1961 Quem
453 1881 550 1941 dixti?
568 1881 623 1943 Pn.
637 1879 810 1961 Stilponem
825 1881 950 1959 inquam
962 1882 1017 1940 nd-

469 1981 566 2043 ueras.
966 1990 1017 2042 390

56 2098 75 2140 r.
102 2076 210 2157 Neque
229 2079 284 2156 ego
300 2076 388 2138 illum
403 2099 509 2139 nurum
524 2082 625 2158 neque
640 2082 682 2141 mi
698 2082 844 2159 cognatim
859 2079 919 2138 luit

104 2177 270 2255 Quisquam
290 2180 368 2236 istoc
388 2178 519 2240 nomine.
554 2179 610 2240 Pu.
632 2163 741 2239 ltune‘?
767 2197 827 2236 nou
851 2183 882 2234 te
905 2175 1014 2235 hortim
1029 2193 1054 2233 ru

465 2275 585 2354 pudet?

103 2373 145 2431 At
160 2375 188 2430 εἰ
201 2370 348 2430 talentum
366 2375 429 2433 rem
444 2373 626 2452 reliquisset
641 2372 759 2449 decem,

56 2491 73 2532 ι,
100 2471 139 2529 Di
153 2470 211 2529 tibi
225 2467 305 2529 mele
319 2469 441 2531 iaciant.
463 2465 519 2533 P'n.
536 2475 653 2550 primus
669 2489 752 2530 esser
768 2470 955 2528 memoriter·

102 2570 286 2648 Progeniem
309 2577 441 2628 nostram
464 2588 560 2648 usque
582 2570 618 2628 tt
641 2587 696 2626 auo
719 2575 809 2645 atque
833 2572 921 2625 atauo
942 2570 1015 2646 prd-

469 2669 583 2729 ferens.
964 2675 1014 2728 395

56 2788 73 2830 r.
100 2768 146 2827 lta
160 2774 195 2825 ut
209 2766 295 2828 dieis.
319 2785 376 2844 ego
393 2774 454 2826 tum
471 2787 560 2844 quom
578 2763 781 2840 tduenissem‚
800 2767 852 2841 qut
865 2764 940 2822 mihi

102 2865 239 2942 Cognita
254 2871 398 2940 cremet,
416 2864 565 2923 dicerem:
588 2862 696 2922 itidem
711 2862 744 2920 tri
760 2861 842 2920 lace:
1027 2876 1054 2916 m

103 2960 189 3021 Cedo
212 2963 262 3039 qui
286 2963 334 3021 e'st
353 2962 504 3038 cognata?
533 2961 589 3022 Gn.
605 2960 652 3019 Eu
673 2962 797 3036 mister,
815 2966 916 3020 recte:
937 2961 1014 3019 heus

471 3062 515 3137 tt,
533 3078 614 3119 caue.

56 3179 73 3219 ι.
100 3154 244 3216 Dilucide
261 3156 404 3237 expedlui
421 3158 529 3235 quibus
547 3175 593 3215 me
610 3156 747 3235 opdrtuit

102 3253 270 3314 iudicibus:
292 3262 356 3314 tum
370 3252 404 3313 id
419 3254 444 3312 si
458 3252 568 3313 ftlsum
583 3253 695 3329 suerat,
712 3250 797 3311 fsstus
962 3259 1015 3314 400

103 3355 187 3430 Quor
203 3355 263 3410 min
279 3349 419 3410 refellit?
439 3351 494 3412 Du.
511 3352 623 3411 Filium
639 3356 744 3410 narris
759 3351 855 3410 milri?
