2386 3810
111 177 174 240 sao
516 172 726 233 annium.
961 175 1093 231 ιιι-ιι
1131 126 1136 209 ῗ

196 357 368 433 (imolam,
386 376 403 416 o
418 363 514 431 terra,
530 374 547 413 o
564 355 658 413 moria
670 354 816 433 Neptuni.
840 355 896 414 Μι.
911 340 968 414 Em
982 356 1048 433 tibi,
1058 365 1097 420 790
1134 318 1139 409 ἶ

82 478 97 520 ι
193 456 333 515 Resciuit
349 472 468 513 omnem
485 471 565 510 rem:
587 450 619 509 id
633 471 714 509 nunc
730 451 841 511 clamat
855 452 994 513 scilicet:

194 554 323 613 Parotae
337 551 425 611 lites:
448 549 729 609 siiceurrendumst.
754 551 808 612 Du.
825 535 941 610 Eccum
957 550 1043 611 adest
1138 612 1142 617 ,

196 648 372 710 Commrinis
392 646 570 726 corruptola
589 654 728 705 nostrum
746 647 888 708 liberum.

111 746 169 807 Μι.
198 745 338 805 Tandom
354 745 490 823 reprime
506 742 696 802 iracimdiam
711 750 803 821 atquc
820 743 859 801 ad
874 745 907 804 to
923 743 1002 807 redi.

111 843 167 905 Da.
195 843 361 923 Reprossi,
382 841 480 918 redii,
502 844 590 899 mitto
606 838 772 900 maledicta
787 842 902 900 omnia:
1063 848 1105 905 795
1147 926 1150 933 Ι

72 955 98 996 ιο
194 942 273 1002 Rem
289 943 384 1021 ipsom
400 946 553 1020 putemus.
577 939 691 999 dietum
706 941 765 998 hoc
780 942 863 999 inter
879 942 936 998 nos
953 940 1015 1000 ruit

198 1040 259 1116 (Ex
274 1045 307 1098 te
321 1037 430 1097 odeost
444 1039 579 1116 ortum),
601 1039 641 1096 no
656 1044 689 1096 tu
705 1041 828 1097 curare's
843 1058 945 1099 meum

196 1138 283 1197 Neue
299 1138 355 1214 e'go
371 1138 480 1196 tuom?
501 1135 668 1215 responde.
691 1138 750 1198 Μι.
764 1138 934 1213 Factumst,
951 1138 1015 1197 non
1028 1155 1108 1216 nego.

1 1229 3 1234 ¹
111 1237 169 1300 Du.
197 1240 281 1315 Quor
295 1237 377 1295 niinc
393 1234 473 1315 apud
489 1243 520 1294 te
534 1236 644 1315 potat?
668 1256 746 1314 quor
759 1237 874 1314 recipis
888 1236 1016 1296 mcum?

197 1335 282 1410 Quor
297 1333 373 1391 omis
388 1333 529 1409 amicam,
552 1333 671 1392 Micio?
692 1335 818 1410 numqui
833 1334 932 1391 minus
1065 1344 1111 1396 800

72 1445 99 1486 ιι
197 1431 277 1491 Mihi
294 1430 377 1490 idom
392 1432 439 1489 ius
454 1437 614 1508 aequomst
629 1419 698 1488 e'sse
714 1429 795 1508 quod
811 1432 960 1490 mecrimst
976 1432 1056 1491 tibi?

199 1527 325 1604 Quando
342 1529 398 1606 ogo
416 1535 498 1586 tuom
514 1546 577 1585 non
591 1528 681 1604 coro,
702 1545 742 1585 ue
757 1532 830 1586 curri
845 1545 954 1588 meum.

113 1628 171 1689 Μι.
198 1627 267 1686 Νοιι
282 1628 409 1705 aoquom
426 1626 512 1687 dicis.
536 1626 591 1685 lin.
608 1626 696 1685 Non?
718 1625 867 1685 Mn-Nam
883 1633 974 1686 uetus
991 1630 1113 1689 uerbum

567 1725 626 1783 hoc
645 1721 809 1802 quidemst,

199 1821 379 1880 commonia
396 1840 465 1881 esse
479 1823 644 1880 amicorum
658 1822 741 1880 inter
755 1839 789 1879 se
808 1821 918 1880 omnia.

113 1917 170 1979 De.
196 1917 327 1976 Facote:
348 1918 567 1990 nuncdemum
581 1921 677 1976 istaec
691 1926 762 1977 nata
777 1919 916 1978 orotiost.
1067 1929 1113 1983 eoo

73 2030 100 2071 ao
112 2013 171 2076 Μι.
197 2010 346 2072 Ausculta
361 2016 482 2093 paucis,
503 2014 563 2074 nisi
578 2014 786 2091 molestumst,
806 2015 932 2075 Domea.

197 2110 370 2189 Principio,
393 2113 420 2170 si
433 2110 466 2170 id
481 2120 513 2171 te
530 2113 669 2190 mordet,
692 2119 843 2193 sumptum
858 2113 919 2172 fssii

198 2208 297 2283 Quem
316 2208 448 2284 fociant,
473 2228 585 2286 quaeso
606 2211 666 2269 hoc
687 2211 780 2270 focito
803 2219 904 2270 tecum
928 2213 1064 2291 cogites:

199 2307 248 2365 Tu
269 2302 341 2364 illos
365 2303 424 2363 duo
447 2304 519 2364 olim
541 2311 598 2386 pro
621 2327 656 2367 re
679 2307 809 2368 tollebts
830 2318 892 2387 tua,

199 2402 288 2483 Quod
310 2404 383 2462 sotis
404 2406 533 2483 putabas
556 2407 608 2483 triq
629 2406 709 2464 bona
731 2408 878 2467 ambobus
899 2407 981 2486 fore,
1067 2419 1115 2473 810

72 2518 99 2561 ιι
196 2503 238 2561 Et
258 2503 392 2560 motum
415 2522 540 2562 uxorem
563 2503 723 2564 credidisti
744 2505 877 2565 scilicet

198 2600 383 2660 Ductrirum:
406 2599 535 2659 eandem
551 2600 634 2661 illam
649 2604 798 2662 rotionem
814 2605 970 2682 antiquam
985 2605 1104 2665 obtine:

198 2700 372 2777 Consonus,
396 2718 526 2776 quaere,
547 2704 656 2779 poree,
677 2700 726 2758 fac
743 2699 1014 2780 quamplurimum

199 2797 265 2857 Illis
286 2796 459 2874 relinquas:
484 2797 613 2876 gloriam
636 2804 669 2857 tu
687 2800 777 2857 istam
798 2798 914 2857 obtine.

197 2896 286 2973 Mea,
311 2895 388 2972 queo
407 2903 533 2973 praeter
550 2914 636 2975 spem
652 2896 803 2974 euoncrc,
825 2898 952 2956 utantrir
969 2897 1046 2957 aine.
1065 2906 1114 2959 815

72 3009 99 3052 :o
196 2994 243 3052 Dc
262 2995 377 3053 stimma
397 2990 442 3051 nil
465 2991 614 3051 dccodet:
637 2993 719 3071 quod
737 2994 808 3053 hinc
827 2994 1006 3074 accosserit,

197 3091 231 3151 Id
254 3090 293 3149 do
311 3089 399 3149 lucro
419 3094 525 3170 putoto
547 3108 615 3149 esse
637 3111 736 3151 omne.
757 3093 835 3151 haec
855 3095 881 3151 si
903 3091 992 3153 uoles

197 3188 231 3249 In
251 3189 350 3248 onimo
371 3207 447 3248 uere
467 3190 620 3267 cogitare,
643 3190 767 3267 Domea,

197 3287 239 3346 Et
259 3287 300 3345 mi
325 3287 356 3344 e‘t
379 3286 435 3344 tibi
455 3294 488 3345 et
507 3285 570 3345 illis
592 3286 762 3368 dompseris
781 3285 965 3350 molostiam.

112 3384 168 3447 Da.
194 3386 288 3446 Mitto
309 3403 391 3444 rem:
414 3385 670 3446 eonsuetridinem
691 3386 1044 3467 ipsorom.M1.Manc:
1065 3399 1116 3454 82⁰
