2386 3810
134 133 178 198 ⁷2
494 129 776 199 EVNVGHVS.
961 94 1166 191 ram-uu·-

220 308 408 388 Quamquam
431 299 517 364 sslam
538 305 627 384 cupio
655 302 810 365 ubddcere
838 311 931 384 atquo
950 307 1012 368 hac
1031 325 1068 369 re
1093 310 1138 368 ir·

593 403 693 463 bitror

219 500 253 562 Id
275 501 348 562 fieri
370 518 462 582 pocae
484 504 637 560 mduume:
657 501 765 559 uerrim
787 505 891 562 tamen

220 599 330 660 Potitia
356 619 446 679 quam
473 604 506 658 te
534 599 690 658 inimicum
719 598 863 677 irrideam,
892 599 1005 661 faciam
1024 608 1059 660 ut
1079 602 1139 661 iria-

594 714 681 756 ueris.

97 814 123 854 ιι
140 798 197 858 Ριι.
217 795 342 858 Vtinam
362 798 441 856 iatuc
458 795 586 854 uerbum
610 813 648 854 ox
669 795 768 854 inimo
787 815 822 855 ac
843 815 920 857 uere
940 796 1065 859 dicem
1092 804 1141 862 175

221 895 343 957 ‘Potior
364 913 453 976 quam
479 899 513 953 te
539 893 693 952 inimicum
715 893 877 955 hdbeam’:
911 895 939 955 ai
967 896 1048 957 iatuc
1075 896 1140 957 crd-

593 990 701 1050 dorem

222 1088 352 1148 Siucdre
373 1086 451 1162 dici,
475 1087 597 1166 quiduis
619 1107 741 1168 possem
762 1092 897 1171 perpeti.

135 1187 193 1248 Pr.
221 1186 382 1263 Labdacit,
401 1187 530 1262 uictum,
554 1189 613 1245 rino
637 1188 751 1262 uerbo,
774 1191 861 1266 quim
885 1189 963 1250 cito!

138 1285 201 1347 Tu.
222 1286 289 1364 Ego
311 1288 374 1345 ndu
395 1304 433 1346 ex
454 1286 553 1344 animo
577 1288 691 1344 misera
713 1284 806 1345 dieu?
833 1291 923 1365 quim
945 1288 1017 1348 ioco

84 1406 121 1447 roo
222 1385 300 1444 Rem
322 1382 448 1443 udluiati
467 1403 484 1442 a
505 1401 554 1442 me
576 1382 716 1459 tdudem,
739 1384 812 1461 quin
833 1385 1030 1463 perfeceris?
1097 1395 1147 1449 180

221 1483 288 1560 Ego
309 1485 467 1561 inpetrare
483 1482 604 1558 uc'queo
626 1482 686 1540 hoc
706 1483 760 1542 aba
781 1489 829 1555 te,
851 1484 977 1544 biduom

223 1579 341 1639 Saltem
364 1581 398 1639 rit
416 1577 568 1639 concedas
590 1579 696 1638 sdlum.
739 1579 796 1641 Pu.
827 1580 986 1660 Siquidem
1005 1580 1145 1642 biduom:

223 1677 339 1738 Verrim
363 1694 404 1736 ue
423 1677 499 1735 flunt
520 1676 571 1735 uri
592 1677 704 1753 uiginti
725 1675 802 1735 dier.

139 1775 200 1834 Tu.
222 1775 369 1834 Proiecto
382 1794 444 1833 nou
459 1772 530 1854 plua
546 1773 669 1834 biduum
685 1781 770 1834 aut..
786 1772 843 1833 Pu.
865 1773 949 1833 riuti
969 1771 1014 1832 nil
1030 1793 1145 1836 moror.

84 1891 121 1932 rur
141 1872 202 1931 Τιι.
223 1873 291 1932 Nou
319 1873 392 1931 fiet:
426 1872 486 1930 hoc
513 1871 604 1931 modo
639 1874 706 1932 aine
739 1879 770 1930 te
799 1887 932 1929 exorem.
986 1869 1045 1930 Pu.
1080 1873 1146 1932 Sei-

594 1966 672 2027 lieet
878 2046 881 2051 ⁴
1095 1977 1145 2032 185

220 2066 449 2129 Facitiudumat'
463 2065 545 2147 quod
568 2067 624 2127 uis.
668 2066 728 2126 Tu.
752 2065 869 2127 Merito
890 2070 923 2125 tc
951 2084 1036 2144 amo,
1063 2068 1145 2128 bene

595 2165 683 2228 facia.

137 2265 194 2324 Pu.
218 2265 281 2325 Rus
304 2265 371 2324 ibo:
398 2264 442 2322 ihi
463 2264 523 2323 hoc
545 2282 594 2322 me
614 2263 775 2321 macerabo
796 2260 937 2320 biduom:

220 2363 265 2423 Itu
286 2361 392 2421 ficere
411 2370 576 2421 certumst:
599 2349 856 2440 mda'geruuduat
878 2355 1002 2422 Thurii.

222 2459 289 2535 Tu,
305 2458 474 2534 Parmeno,
490 2459 550 2519 huc
566 2460 614 2519 iac
628 2457 673 2518 illi
691 2457 889 2518 adducantur.
917 2457 974 2517 Pa.
991 2456 1144 2518 Mixume.

82 2575 120 2618 mo
138 2558 194 2620 Pu.
222 2557 256 2617 ln
277 2558 337 2617 hoc
354 2556 478 2618 biduom
500 2550 601 2618 'l‘hrris
623 2555 702 2616 uale.
737 2555 796 2614 Tu.
819 2555 864 2614 Mi
886 2552 1051 2628 Phaedria,
1098 2561 1147 2617 190

221 2656 263 2716 Et
282 2656 330 2714 tri:
352 2655 499 2735 numquid
522 2658 568 2715 uis
585 2654 689 2714 eliud?
732 2652 789 2712 Pu.
810 2653 918 2730 Egone
934 2649 1009 2728 quid
1028 2648 1146 2710 uelim?

222 2754 299 2813 Cum
321 2753 420 2814 milite
441 2755 501 2815 isto
523 2755 670 2833 praescus
692 2753 803 2810 aboena
826 2752 859 2810 irt
881 2752 958 2810 sier:

222 2851 296 2912 Dico
317 2855 480 2932 noctisque
502 2853 552 2911 rud
575 2871 673 2926 omes,
695 2868 745 2909 me
767 2850 937 2926 desidem,

221 2950 277 3010 Me
299 2953 450 3028 somnies,
471 2969 521 3010 me
543 2950 705 3029 expectes,
728 2947 768 3009 de
791 2966 839 3007 me
862 2949 991 3027 digitos,

83 3065 121 3108 ιιι
223 3049 278 3108 Me
297 3051 422 3128 operes,
443 3068 493 3109 me
514 3057 547 3108 te
567 3048 723 3123 oblectes,
746 3067 863 3107 meeum
882 3048 947 3105 trita
965 3047 1024 3104 aio:
1096 3054 1147 3108 195

221 3145 313 3205 Meua
329 3147 377 3206 iic
393 3149 435 3206 ais
446 3155 603 3226 postremo
619 3148 752 3218 inimus,
770 3142 891 3223 quaudo
907 3161 965 3221 ego
981 3143 1048 3201 sirm
1065 3147 1146 3201 tuor.

138 3240 199 3303 Tu.
220 3241 275 3302 Me
296 3245 456 3319 miseram,
477 3242 583 3303 forsan
602 3245 653 3308 hie
674 3243 749 3301 mihi
771 3260 894 3322 paruam
916 3241 1029 3309 hobcit
1050 3237 1147 3298 iidem

222 3341 326 3419 Atque
346 3342 383 3400 ex
405 3340 532 3405 aliorum
553 3343 685 3421 ingeniis
701 3360 782 3400 nune
796 3358 845 3399 me
862 3337 990 3398 iudicet.
