2386 3810
48 158 199 211 rao-ao
425 159 631 221 ANDRIA.
991 166 1033 228 45

106 328 170 390 Sea
191 330 294 391 lituos
315 331 387 390 exit.
422 331 589 407 rothomo,
611 331 685 409 quid
702 333 782 393 istuc
804 335 987 394 obsecrost?

106 429 174 505 Quo
196 431 303 508 portos
323 429 476 507 puerum?
497 429 557 491 Da,
577 429 691 508 Mysis,
710 450 791 491 nune
814 451 890 512 opus
911 433 961 492 est
980 437 1033 491 tua

105 527 188 587 Mihi
210 525 435 586 adhererem
459 534 639 606 exprompta
660 527 776 588 militia
798 537 889 608 atque
911 531 1032 590 astuitia.

48 626 86 687 [r.
107 624 190 702 Quid
205 646 275 685 nam
290 626 504 705 incepturu's?
526 627 584 687 Da.
609 609 724 706 A'ecipe
741 646 820 686 arne
842 629 925 688 hune
947 629 1032 688 «icius

104 727 209 803 Atque
232 729 304 783 ante
326 730 462 783 nostram
483 726 602 784 ianuam
626 724 755 804 adpone.
792 726 856 786 Mu.
881 712 1030 807 Obsecro,
1058 739 1084 781 1⁰

104 822 265 881 Homine?
286 822 345 884 Dn.
369 823 415 882 Ex
438 842 489 879 ara
510 823 583 881 hinc
607 824 692 881 sime
715 826 866 883 uerbenis
885 825 942 883 tibi
981 832 1032 887 726

104 920 210 999 Atque
232 923 284 978 eis
306 921 479 979 substerno.
512 919 576 979 Mu.
601 921 695 995 Quam
719 922 825 980 obrem
838 920 872 980 id
887 927 954 980 tute
970 924 1032 980 non

474 1018 577 1077 facis?

49 1137 80 1177 Α.
108 1116 205 1193 Quia,
227 1118 253 1174 si
274 1115 358 1174 forto
380 1135 456 1194 opus
478 1117 518 1174 sit
540 1114 579 1174 ad
600 1135 685 1176 erum
709 1118 808 1177 iurato'
829 1119 904 1178 mihi

104 1214 175 1273 Non
196 1214 371 1294 adposisse‚
393 1221 427 1273 ut
447 1212 566 1292 liquido
588 1218 710 1294 possim.
744 1217 808 1276 Mr.
831 1215 999 1295 intellego:

102 1312 190 1371 Noua
211 1312 294 1370 mine
314 1310 425 1389 religio
448 1313 533 1371 undo
554 1314 649 1372 istaec
671 1314 818 1372 incessit?
841 1313 927 1372 cedo.
978 1320 1073 1376 73015

48 1432 77 1471 a.
102 1410 200 1470 Mane
223 1411 307 1469 ocius
330 1416 378 1488 te,
400 1409 530 1488 utquid
552 1430 636 1489 agam
658 1431 752 1490 porro
774 1409 950 1489 intellegas.

102 1507 166 1566 Pro
189 1506 336 1587 liippiter.
368 1508 433 1568 Mr.
455 1508 536 1584 Quid
551 1509 621 1568 ost?
642 1510 700 1569 ΒΑ.
725 1509 862 1588 Sponsae
877 1513 967 1588 pater
981 1510 1030 1568 in-

471 1609 619 1668 teruenit.

101 1704 246 1785 Repudio
269 1703 349 1784 quod
372 1704 531 1764 eonsssium
553 1705 684 1784 primurn
707 1704 910 1765 intenderam.

48 1805 83 1863 su.
102 1805 216 1863 Nescio
231 1802 305 1881 quid
319 1823 439 1863 narres.
462 1804 521 1864 Da.
537 1789 604 1882 Ego
619 1823 740 1882 quoque
755 1805 828 1864 hinc
845 1807 881 1864 ab
899 1804 1027 1867 dextera

103 1902 222 1960 Venire
244 1919 292 1959 me
314 1899 518 1961 adsimulabo:
541 1906 575 1960 tu
598 1908 632 1960 ut
647 1902 821 1962 subseruias
974 1910 1027 1967 735
1045 1911 1073 1952 ²⁰

103 1999 261 2075 Orationi,
281 2006 316 2057 ut
339 2003 491 2077 quomque
514 2020 590 2080 opus
611 2001 666 2079 sit,
689 2002 794 2060 uerbis
816 1999 897 2062 uide.

48 2097 82 2155 [r.
102 2097 169 2174 Ego
192 2093 266 2174 quid
285 2114 355 2174 agas
377 2095 421 2156 nil
443 2096 610 2176 intellego:
632 2097 688 2158 sed
710 2097 812 2178 siquid
834 2105 892 2170 est,

103 2193 194 2272 Quod
215 2195 281 2254 mea
304 2214 399 2275 opera
421 2216 497 2276 opus
518 2197 559 2257 sit
580 2199 685 2274 uobis,
707 2204 742 2257 ut
763 2203 797 2256 tu
818 2195 890 2276 piris
912 2196 1012 2275 uides,

101 2295 254 2372 Mane'bo,
273 2293 397 2371 nequod
413 2297 550 2353 nostrum
572 2313 712 2355 remorer
734 2293 934 2356 commodum.

246 2463 436 2523 Cnnnnns.
479 2461 613 2523 Mrs1o.
658 2461 802 2522 Divos.

48 2614 76 2654 n.
100 2592 274 2667 Reoortor,
295 2595 457 2669 postquam
481 2607 558 2666 quae
576 2590 652 2668 opus
666 2588 755 2647 fuere
774 2586 812 2646 ad
827 2589 950 2667 miptiau
972 2591 1096 2650 ⁷401V4

101 2687 223 2748 Gnatae
242 2687 365 2766 paraui,
386 2692 421 2745 ut
441 2687 563 2746 iiibearn
586 2686 711 2745 arcessi.
743 2683 798 2744 aed
821 2684 895 2762 quid
916 2684 1000 2743 hoo?

100 2786 185 2846 Puer
206 2783 354 2845 herclest.
387 2783 516 2861 mulier,
536 2790 569 2844 tu
591 2783 739 2865 adposisti
755 2782 859 2841 huno?
880 2781 945 2845 Mr.
967 2768 1027 2843 ilbi

474 2881 542 2943 illie
565 2885 634 2943 est?

48 3002 75 3045 a.
100 2981 170 3043 Non
193 2983 267 3041 mihi
288 2980 745 3061 respondesiMr.N1isqnam
767 2987 823 3040 est.
856 2999 913 3040 uae
934 2978 1027 3039 miae·

427 3151 430 3155 ι
472 3080 527 3138 rat}
548 3080 633 3156 mihi,

98 3178 242 3258 Reliquit
257 3196 306 3237 me
320 3178 412 3237 homo
429 3181 522 3256 atque
537 3177 621 3236 tbiit.
642 3177 701 3238 Du.
718 3176 756 3235 Di
772 3178 905 3234 uostrtm
920 3173 1024 3253 fidem,
1042 3190 1055 3231 a

101 3275 183 3354 Quid
208 3276 348 3337 tiirbaest
374 3274 455 3355 apud
476 3274 602 3335 fortini?
628 3273 702 3354 quid
722 3272 769 3333 iili
790 3272 946 3332 hominnm
963 3270 1027 3333 liti-

474 3372 569 3452 gant?
975 3375 1024 3431 745
