2386 3810
73 196 161 243 XXIV
464 202 704 245 vincenesium

72 354 115 411 sit
134 352 294 429 magistra,
380 359 431 413 205
451 369 493 427 aq.
512 351 599 424 hem,
622 360 655 410 16
668 353 800 411 6666666.
818 354 826 435 Ῑ
845 352 902 416 So.
916 363 966 415 116
980 364 1030 417 666
1046 364 1075 433 da

76 437 152 494 6666
174 443 276 493 ament
360 442 412 496 213
429 433 623 514 inprudentia
707 445 759 498 218
779 444 813 495 61
835 457 889 497 666
910 438 1075 501 domimini

74 519 159 577 eritis
244 526 295 578 225
324 525 351 574 et
371 525 423 580 226
450 525 557 577 inverse
587 523 683 577 ordine
767 528 819 583 234
839 521 1016 581 <tenimenti
1034 522 1075 583 nil

75 602 142 659 6661
227 610 279 663 238
300 608 363 658 tum
386 620 452 660 6666
475 602 580 663 aibant
664 603 854 666 2461666661.
940 613 992 668 247
1009 598 1075 689 etsi]

76 695 107 742 et
190 685 351 762 24966616
372 704 436 742 6666
455 686 487 744 16
502 693 683 744 nostramet
702 695 836 745 nostram
858 687 891 747 id
912 697 995 747 esset

73 778 127 830 250
153 788 221 827 6666
248 776 278 825 16
308 776 459 845 potestate
544 775 776 848 252661661666
862 779 914 833 254
936 780 1075 852 661666-

72 851 174 928 gando
191 852 290 927 uobis]
309 852 366 910 tibi
385 860 437 910 661
453 851 611 929 purgando
695 862 746 916 259
760 873 851 932 quam
865 874 921 931 ego
941 874 994 916 em.

75 944 128 998 260
141 936 243 1012 magni
263 935 366 994 faeere
452 936 646 997 asistente
665 945 711 994 est
794 937 926 997 laturum
944 939 1075 1016 grauitei

158 1028 210 1080 262
228 1019 405 1096 1666666166
421 1039 512 1097 quam
526 1019 578 1077 1116
593 1019 652 1078 hue
671 1018 779 1077 666661
863 1029 916 1084 276
937 1023 984 1080 616
998 1040 1075 1081 nunu

158 1101 378 1178 28161666666
394 1103 505 1160 acerba
517 1103 607 1161 66666
619 1122 688 1161 6666
773 1112 825 1168 283
840 1125 921 1163 eram
938 1125 995 1182 ego

75 1184 195 1262 1666616
280 1193 332 1247 286
352 1186 488 1244 omnibus
503 1186 590 1244 nobis
674 1194 725 1248 295
747 1195 839 1251 61296
861 1194 969 1248 inverso
984 1192 1075 1265 616166

158 1277 210 1332 296
226 1269 361 1328 66166116
446 1276 496 1331 297
509 1267 596 1344 illim]
611 1269 684 1327 16166
768 1271 800 1327 16
818 1291 853 1330 66
938 1280 990 1335 299
1000 1272 1075 1331 Ten:

75 1362 129 1412 661
152 1361 278 1412 matrem
362 1362 415 1416 303
448 1355 480 1412 16
509 1351 586 1428 6116]
619 1353 703 1411 66116
787 1362 840 1417 306
865 1354 929 1413 Α61
956 1342 1075 1439 66166611Ι

77 1437 180 1495 1666616
266 1437 360 1495 61616
382 1456 485 1494 ueram
512 1434 607 1493 666166
629 1435 668 1494 66
689 1437 836 1496 rationem
860 1439 943 1514 exigi
1025 1446 1075 1509 3101

73 1519 179 1598 quam]
202 1539 276 1599 quas
362 1520 517 1582 3261616
539 1517 635 1576 ullum
719 1529 771 1582 332
791 1522 943 1581 introiisse
1027 1528 1068 1603 88

75 1603 265 1662 excludite?
350 1611 401 1667 347
426 1604 467 1661 mi
486 1601 578 1660 rediit
662 1611 712 1664 349
732 1603 944 1664 Philumenam
1027 1612 1064 1667 351

76 1689 294 1746 1616666666161
378 1688 547 1750 3521616116.
633 1695 685 1748 360
704 1687 843 1765 ueniant]
867 1688 996 1747 redeant

74 1779 127 1833 366
147 1789 272 1828 uxorem
294 1790 361 1828 esse
447 1778 497 1832 367
524 1772 595 1830 ilice
624 1789 725 1829 omnes
755 1771 842 1829 simul
928 1781 981 1835 368
999 1750 1075 1851 quod}

73 1853 241 1930 derepente
327 1860 379 1914 374
393 1855 495 1911 661666
579 1863 631 1917 389
649 1863 679 1912 16
692 1873 764 1930 erga
849 1856 944 1913 sensti
1028 1850 1075 1921 3911

74 1957 176 2016 neque
262 1937 401 1993 conscius
486 1945 537 1998 393
549 1937 746 1996 concubuisse
760 1958 826 1996 eam
840 1939 995 1997 mensibus
1072 1940 1075 1969 ²

75 2029 127 2082 406
141 2028 288 2100 66666166
373 2027 425 2080 408
442 2014 510 2092 Quo
526 2037 581 2094 ego
598 2039 665 2077 eum
751 2021 857 2080 eodem
871 2021 943 2079 huie
1027 2024 1075 2081 412-Ι

76 2107 141 2164 6166
162 2104 213 2162 hie
236 2101 340 2160 crebro
364 2101 511 2160 66666161
594 2110 687 2164 43061
708 2103 830 2180 quidem
849 2114 880 2162 te
896 2113 1070 2181 6666661661

160 2194 209 2250 437
222 2186 315 2244 Immo
333 2183 416 2263 6666
433 2185 573 2243 constitui
584 2206 630 2244 me
641 2185 732 2246 166616
817 2196 864 2249 441
879 2188 1072 2265 Lentiginoss

75 2272 156 2330 faeie
241 2277 292 2330 452
314 2268 514 2346 6666666616
598 2277 649 2332 457
661 2270 702 2330 Et
716 2270 793 2329 6666
878 2280 929 2333 462
944 2273 1003 2330 hue
1018 2270 1072 2330 666

77 2354 319 2434 6166666166116
401 2355 508 2415 47516
528 2373 575 2412 me
597 2373 678 2412 6666
761 2363 812 2417 477
835 2375 902 2414 6666
923 2354 1075 2431 indignam¹

75 2457 144 2496 sese
228 2443 281 2498 478
291 2435 454 2517 huiusque]
473 2457 611 2517 quaeque
624 2439 689 2496 eius
774 2447 825 2501 479
838 2440 977 2517 66666661
989 2446 1073 2517 66616

76 2522 257 2599 6611616166
280 2541 332 2578 666
353 2522 480 2598 66611661
564 2530 616 2584 483
641 2541 689 2580 666
715 2531 909 2599 postputasse
930 2531 961 2579 16
984 2521 1075 2580 omnis

160 2613 211 2667 485
228 2602 309 2680 Quid
326 2625 382 2683 ego
400 2608 446 2664 ira
464 2605 600 2684 inpulsus
618 2607 744 2664 666616
761 2605 845 2663 illam
862 2605 982 2684 1616666
1000 2602 1075 2663 sim?

161 2690 303 2751 5001166
330 2691 356 2748 16
378 2710 460 2749 6666
544 2688 653 2766 putat?
737 2690 869 2782 5651666
891 2709 942 2747 em.
1028 2698 1073 2750 521

76 2789 161 2846 exire
180 2786 283 2845 adme
368 2797 419 2849 522
438 2807 471 2846 66
487 2785 596 2845 eduxit
679 2796 730 2849 523
744 2787 844 2866 Atque
860 2806 962 2845 666666
977 2786 1075 2844 61666.

75 2870 152 2950 6616
172 2871 216 2928 616
302 2880 457 2933 52716666
541 2880 594 2932 530
609 2870 704 2928 661661
787 2878 993 2944 5311666666

75 2965 127 3018 633
151 2954 270 3029 eulpam
282 2953 362 3012 hanc
446 2962 499 3016 538
512 2953 608 3011 filiam
627 2962 709 3012 tuam
724 2955 816 3032 pdsse
831 2953 999 3030 16666166
1015 2952 1075 3028 6611

161 3046 207 3099 541
228 3056 318 3115 quam
339 3039 372 3096 td
388 3037 474 3095 illum
496 3039 572 3096 sciui
591 3037 704 3096 16611666
722 3039 849 3097 amicam
934 3045 986 3099 543
1000 3037 1075 3095 Nam

77 3121 108 3180 id
127 3120 264 3182 dmnibus
280 3121 423 3180 innatum.
510 3129 562 3182 544
574 3120 792 3180 6116666661611
807 3120 912 3180 eadem
928 3139 994 3179 esse

76 3214 129 3268 548
150 3213 233 3263 66661
260 3212 362 3262 666166
386 3223 426 3263 ex
446 3224 503 3263 usu
587 3212 637 3266 557
666 3205 729 3278 abi,
758 3205 943 3264 6666661666
1029 3211 1075 3266 559

78 3308 134 3365 ego
162 3308 214 3346 om.
300 3288 622 3366 56116666166666
705 3286 1075 3352 56216666666166666

77 3371 155 3430 16666
178 3370 246 3448 (em.
265 3369 346 3449 6666)
431 3380 484 3436 568
499 3371 643 3432 16666666
728 3380 778 3435 571
801 3368 923 3451 666166]
947 3371 996 3428 661

77 3462 131 3517 573
151 3455 180 3513 61
207 3464 270 3513 tum
292 3456 452 3535 quiequam
478 3464 524 3516 est
607 3462 710 3530 posset
795 3462 845 3519 577
867 3454 922 3512 tibi
941 3474 988 3513 me
1014 3472 1075 3514 esse
