2386 3810
147 140 191 208 ol
549 139 756 203 ANDRll.
970 140 1158 197 nureo-no

106 326 133 368 ³⁰
233 314 367 374 Prdrsus
388 332 406 370 u
426 329 476 371 me
499 312 675 391 opinionem
695 312 775 370 buno
798 317 880 372 tuum
902 313 972 371 esse
995 331 1054 393 ego
1073 334 1159 376 amo.

605 414 666 469 tim
686 408 768 469 uolo.
1104 422 1159 477 510

88 559 91 562 .
150 509 193 573 sr.
233 495 324 570 inde
344 482 378 569 id
399 508 481 568 scis?
509 507 568 567 ou.
590 508 704 567 Audiui
726 514 759 566 et
780 505 891 568 oredo:
911 507 1007 571 multu
1028 529 1158 571 coneur-

608 606 682 664 rr‘rnt
704 603 805 682 simul,

236 706 295 782 Qui
317 706 525 766 coniecturum
545 705 624 764 binc
640 723 720 763 nuno
735 704 826 764 facio.
858 705 918 764 iim
931 707 1065 785 primum
1081 705 1158 766 bueo

606 820 640 860 se
662 820 680 860 e
702 799 864 880 Pimplrilo

234 900 399 962 Grduidum
415 900 492 960 dixit
506 901 590 960 esse:
611 903 801 959 inuentumst
814 899 935 961 filsum.
965 920 1058 977 nuno,
1072 907 1159 983 post-

608 1004 696 1079 quim
717 999 804 1059 uidet

234 1098 365 1176 Nirptius
387 1096 470 1157 domi
490 1096 648 1177 ddporari,
671 1102 793 1157 missust
813 1096 925 1159 unoillu
945 1096 1019 1159 ilico

236 1181 445 1256 Obstetricem
472 1198 652 1255 uroe'ssitum
680 1196 717 1254 ad
745 1216 811 1256 oum
838 1203 872 1256 ot
897 1197 1029 1277 puerum
1048 1202 1085 1256 ut
1106 1193 1161 1255 ud·

604 1294 706 1355 ferret
727 1293 828 1354 simul.
1107 1304 1160 1357 515

236 1393 316 1471 [lloo
335 1394 395 1453 nisi
415 1393 469 1470 fit,
489 1411 619 1473 puerum
641 1400 675 1452 ut
692 1399 727 1453 tn
748 1392 872 1472 uideas,
898 1392 978 1454 nihil
995 1398 1161 1453 mouentur

607 1493 755 1571 nuptiae]

151 1589 192 1649 Sr.
236 1589 318 1665 Quid
339 1588 406 1649 eis?
429 1608 520 1668 quom
540 1585 741 1647 intellexeras

232 1671 268 1747 ld
287 1687 449 1748 eonsilium
471 1689 599 1766 odpere,
621 1705 699 1764 quor
719 1705 782 1744 uon
804 1684 880 1746 dixti
902 1683 1056 1766 extemplo
1071 1684 1158 1745 Pim-

511 1828 514 1833 -
605 1783 715 1863 philo?
1085 1798 1089 1805 ·

149 1885 208 1945 Do.
237 1885 312 1959 Quis
334 1885 428 1960 igitur
446 1901 515 1942 eum
536 1884 572 1941 ub
594 1882 648 1942 illu
669 1883 818 1942 abstraxit
830 1882 891 1942 nisi
907 1881 989 1961 ego?
1008 1901 1080 1942 num
1097 1900 1159 1942 om-

605 1999 661 2040 nes
682 1981 738 2040 nos
760 1979 885 2059 quidem

107 2097 133 2135 so
235 2079 370 2155 Scimus,
396 2079 476 2137 buno
505 2096 595 2157 quam
614 2082 728 2138 misere
750 2081 867 2138 amerit
899 2080 982 2139 nrino
1004 2078 1065 2139 sibi
1086 2097 1160 2141 uxo-

604 2195 670 2235 rem
692 2177 818 2256 dxpetit.
1106 2185 1161 2238 blo

233 2272 395 2333 Postremo
422 2273 456 2333 id
481 2276 558 2334 mibi
586 2275 626 2334 di
650 2276 771 2353 negoti:
803 2277 839 2335 tir
865 2281 970 2334 tumen
995 2273 1082 2335 ldem
1104 2275 1159 2335 bus

606 2374 730 2452 nuiptius

232 2471 333 2548 Perge
348 2470 453 2531 facere
468 2473 512 2532 itu
526 2474 561 2531 bt
580 2473 673 2532 furis:
693 2480 726 2533 et
740 2471 773 2532 id
788 2470 881 2551 spero
897 2469 1057 2531 adiuturos
1072 2469 1155 2533 deor.

151 2569 194 2628 Sr.
235 2554 327 2628 lmmo
356 2570 406 2629 ubi
431 2572 530 2629 intro:
562 2572 605 2629 ibi
631 2589 681 2630 me
706 2571 853 2650 opperire
879 2575 913 2629 et
939 2567 1024 2649 quod
1051 2573 1158 2649 parato

607 2686 683 2746 opus
706 2668 755 2726 est
773 2688 857 2747 puro.

235 2764 304 2825 Non
321 2764 433 2845 inpulit
454 2784 520 2841 me,
541 2765 619 2823 hoec
640 2768 722 2825 nime
744 2767 868 2825 omnino
887 2776 922 2824 ut
944 2761 1118 2825 crederem.
1162 2822 1169 2833 ,

47 2874 63 2892 ·
112 2876 135 2914 ²⁵
235 2865 333 2942 Atqui
352 2865 478 2925 baireio
501 2883 539 2922 an
558 2882 637 2941 quae
658 2863 733 2924 dixit
752 2866 814 2923 sint
831 2882 908 2924 uero
926 2862 1039 2941 omnir,
1109 2872 1159 2927 525

236 2960 300 3020 Sed
321 2964 409 3040 pirui
429 2961 548 3042 pendo:
569 2960 650 3023 illird
668 2964 743 3023 milri
761 2959 860 3021 multo
882 2966 1095 3041 mixumumst,

237 3057 329 3134 Quod
348 3060 424 3119 milri
444 3057 614 3139 pollicitust
634 3065 718 3139 ipsus
739 3067 858 3139 gnatus.
893 3060 978 3119 mino
993 3059 1158 3121 chremem

237 3156 442 3215 Conuiuium:
465 3157 558 3216 orrbo
578 3162 670 3234 guito
692 3176 834 3217 uxorem:
856 3155 889 3217 id
912 3157 940 3215 si
960 3159 1098 3237 inpetro,

237 3251 320 3330 Quid
337 3250 413 3312 ilius
434 3252 537 3313 molini
559 3274 648 3332 quoru
668 3253 763 3315 bridio
783 3257 839 3315 bus
860 3256 932 3316 lieri
949 3254 1098 3336 nirptltu!

109 3370 137 3411 uo
234 3352 312 3411 Num
331 3355 441 3431 gnitus
458 3350 540 3433 quod
556 3350 744 3431 pollicitust,
764 3352 847 3413 buud
869 3351 1029 3415 dubiumst
1045 3352 1131 3431 mibi,

54 3532 128 3583 ἰ’-3.
