2386 3810
168 871 171 876 ’
223 897 340 961 norm
368 897 472 961 nurus
496 894 651 964 ristun
675 898 763 967 urna
788 899 873 969 svor

78 1165 108 1217 V.
162 1166 231 1216 lad
249 1166 298 1217 152
317 1166 420 1216 iambici
437 1169 531 1216 senarii

79 1276 91 1286 ·
127 1248 179 1300 153
196 1254 221 1298 et
240 1248 290 1298 154
307 1247 428 1297 trochaici
445 1249 568 1299 octonarii

79 1361 92 1370 ·
128 1331 179 1382 155
195 1329 340 1380 trochaicus
358 1332 517 1395 septenarius

78 1442 92 1452 ·
126 1412 177 1463 156
194 1419 219 1461 et
238 1410 287 1461 157
304 1410 427 1461 trochaici
446 1417 570 1466 octonarii

78 1525 91 1534 -
126 1494 177 1546 158
195 1501 220 1544 et
239 1493 290 1545 159
305 1493 427 1545 trochaici
444 1498 581 1562 septenarii

81 1608 92 1616 -
128 1577 179 1630 160
194 1577 229 1627 ad
246 1575 295 1627 162
311 1577 413 1627 iambici
430 1581 553 1631 octonarii

79 1690 90 1701 -
126 1660 176 1713 183
195 1660 318 1708 iambicus
337 1661 513 1721 quaternarius

79 1770 92 1779 —
127 1744 178 1795 164
192 1743 227 1793 ad
245 1741 295 1792 176
313 1743 416 1793 iambici
435 1744 558 1793 octonarii

80 1852 92 1861 ·
128 1824 178 1874 177
195 1831 221 1874 et
237 1822 288 1874 178
303 1823 405 1872 iambici
423 1825 559 1887 septenarii

79 1936 91 1946 ·
125 1906 176 1958 179
193 1914 219 1957 et
238 1905 288 1957 180
305 1906 428 1956 trochaici
447 1909 584 1972 septenarii

80 2019 92 2029 ·
126 1991 184 2043 181.
202 1989 262 2042 182.
283 1989 333 2042 184
351 1990 455 2040 iambici
475 1993 599 2042 octonarii

80 2101 90 2110 ·
126 2072 176 2125 183
194 2074 320 2124 iambicus
337 2076 515 2136 quaternarius

81 2186 90 2197 -
126 2157 176 2210 185
194 2165 219 2206 et
236 2155 287 2208 186
303 2157 426 2206 trochaici
444 2160 582 2222 septenarii

81 2267 92 2278 -
127 2241 176 2292 187
196 2246 221 2290 et
241 2239 290 2290 188
307 2238 428 2290 trochaici
445 2243 566 2292 octonarii

81 2352 90 2360 -
126 2321 176 2374 189
194 2330 219 2372 et
238 2319 288 2373 190
303 2321 425 2372 trochaici
442 2326 580 2389 septenarii

80 2435 90 2445 -
126 2405 175 2458 191
195 2404 321 2454 iambicus
340 2407 514 2468 quatemarins

80 2518 91 2527 ·
125 2488 184 2540 192.
206 2485 265 2538 193.
287 2486 336 2538 195
354 2489 455 2538 iambici
475 2490 598 2540 octonarii

80 2601 90 2610 -
125 2570 177 2622 194
192 2570 317 2619 iambicus
332 2571 447 2620 senarius

78 2679 89 2690 ·
124 2651 175 2704 196
190 2652 315 2701 iambicus
333 2652 510 2714 quaternarius

78 2762 89 2774 ·
125 2734 175 2787 197
193 2735 226 2784 ad
242 2735 293 2785 215
310 2734 431 2784 trochaici
447 2736 584 2799 septenarii

78 2844 88 2856 -
123 2816 175 2867 216
194 2817 227 2867 ari
245 2814 297 2866 230
314 2816 417 2866 iambici
432 2817 526 2866 senarii

78 2928 88 2938 -
123 2899 174 2950 231
195 2908 221 2950 et
239 2899 290 2950 232
308 2899 430 2948 trochaici
447 2895 585 2963 septenarii

78 3012 87 3024 -
123 2980 175 3033 233
192 2983 225 3032 ad
244 2982 292 3033 251
313 2981 415 3030 iambici
432 2979 555 3030 octonarii

78 3087 89 3102 ·
124 3065 177 3115 252
194 3071 218 3113 et
237 3061 288 3114 253
305 3062 425 3114 trochaici
440 3060 576 3126 septenarii

77 3177 88 3186 -
124 3147 176 3198 254
194 3147 229 3197 ad
244 3145 294 3197 314
313 3145 414 3195 iambici
431 3145 526 3194 senarii

78 3257 87 3270 ·
123 3228 175 3281 315
193 3230 226 3279 ad
244 3227 294 3279 347
311 3228 432 3277 trochaici
450 3227 586 3291 septenarii

78 3341 87 3352 ·
125 3311 176 3363 348
194 3312 228 3361 ad
244 3311 296 3364 464
313 3310 417 3360 iambici
434 3310 525 3360 senarii
