2386 3810
149 185 191 248 48
548 182 754 244 ANDRIA.
993 180 1160 233 avos-m

405 353 536 413 Colca.
579 353 713 412 Musas.
758 351 897 414 Dauos.
1008 418 1011 423 ,

80 507 209 571 1v50u.
236 507 270 565 In
291 507 349 565 hic
370 506 524 564 habitasse
544 502 649 583 pliteo
671 502 817 564 dictumst
837 503 1032 585 Chrysidem,

237 604 321 680 Quae
342 605 411 663 sese
433 604 598 662 inhoneste
615 602 735 681 optauit
752 622 864 682 parere
886 603 937 662 hic
959 602 1051 662 ditius

234 702 343 761 Potiais
365 721 453 780 quam
475 702 508 759 in
528 700 631 779 patria
652 700 783 758 houe'ste
804 719 921 780 pauper
943 702 1081 761 uiueret:

234 800 309 859 Eius
330 802 431 858 morte
452 817 488 857 ca
510 798 548 856 ad
569 815 618 856 mc
639 796 709 874 le'ge
732 795 895 857 redierunt
917 798 1007 860 bona.
1109 804 1159 861 799

123 914 135 956 a
238 897 301 956 Sed
324 899 399 975 quos
420 902 588 975 perconter
609 893 710 953 uideo.
748 892 878 953 saluetc.
914 896 978 954 Mu.
1010 880 1159 973 Obsecro,

238 998 335 1072 Quem
356 993 470 1053 uideo?
493 1001 581 1053 estne
603 994 655 1053 hic
679 993 766 1052 Crito
789 995 931 1053 sobrinus
953 993 1140 1075 Chrp'oidisi

235 1095 264 1153 Is
286 1095 343 1152 cst.
376 1094 430 1152 Cn.
455 1093 612 1171 OMysis,
635 1089 732 1151 salue.
763 1092 827 1151 Mu.
851 1091 960 1152 Saluo
976 1097 1038 1172 siu,
1061 1094 1159 1155 Crito.

152 1196 206 1255 Cn.
235 1194 301 1252 Itan
324 1193 475 1271 Chrysis?
502 1193 581 1251 hem.
614 1192 679 1252 Mu.
708 1191 772 1250 Nos
801 1190 923 1271 quidem
950 1192 1003 1274 pol
1030 1195 1159 1255 miseras

155 1359 158 1366 μ
607 1289 755 1369 pe'rdidit.

154 1394 208 1452 Cu.
237 1389 319 1467 Quid
334 1390 412 1449 uos?
435 1408 493 1466 quo
508 1396 598 1468 pacto
614 1390 687 1447 hic?
706 1390 804 1448 satine
821 1390 932 1450 recte?
954 1391 1019 1451 Mu.
1035 1391 1159 1453 Nosne!

609 1489 652 1544 sic
1111 1498 1158 1553 804

110 1612 135 1653 10
237 1587 282 1647 Vt
303 1588 438 1664 quimus,
463 1586 563 1659 aiunt,
593 1583 713 1661 quando
732 1591 767 1644 ut
788 1583 928 1646 uolumus
948 1590 1011 1648 min
1032 1586 1118 1648 licet.

152 1686 207 1744 Cn.
235 1681 314 1757 Quid
338 1680 540 1760 Glycerium?
561 1683 619 1739 iam
641 1682 692 1740 hic
714 1685 784 1741 suos
805 1686 945 1761 parentis
974 1686 1138 1765 repperiti
1166 1728 1171 1739 .

151 1783 214 1842 Mu.
236 1782 369 1843 Vtinam.
407 1781 462 1839 Ca.
493 1762 542 1838 nin
569 1799 631 1839 non
659 1778 868 1839 dometium?
896 1781 978 1841 haud
1001 1785 1155 1863 auispicato

602 1879 662 1936 huc
685 1896 734 1936 me
757 1876 862 1936 attuli:

238 1975 313 2034 Nam
341 1972 411 2054 pail,
437 1975 462 2032 si
489 1974 523 2032 id
540 1976 682 2052 scissem,
710 1977 874 2053 mimqaam
901 1975 961 2035 hnc
986 1976 1155 2037 tetulissem

605 2074 733 2154 pedem:

237 2172 367 2252 Semper
390 2173 471 2231 enim
495 2171 607 2231 dictast
623 2174 691 2233 csse
705 2175 782 2234 haec
798 2160 891 2254 atque
905 2176 1040 2234 hahittst
1053 2193 1155 2234 soror:

122 2296 133 2334 a
239 2271 323 2346 Quae
344 2268 430 2329 illius
449 2271 590 2346 fuerunt,
612 2270 767 2349 possidet:
789 2293 871 2332 nunc
893 2292 942 2333 me
961 2274 1118 2352 hospitem

236 2369 315 2428 Litis
335 2369 437 2446 sequi,
461 2390 549 2447 quam
570 2368 602 2428 id
624 2372 698 2429 nothi
721 2373 761 2431 sit
778 2370 872 2432 facile
886 2378 979 2451 atque
995 2371 1085 2450 mile,
1107 2378 1153 2433 811

236 2466 375 2526 Aliorum
400 2466 539 2546 exempla
561 2471 770 2528 commonent:
794 2467 884 2528 simul
906 2470 1053 2546 arbitror,

234 2565 294 2624 Iam
312 2562 444 2643 aliquem
460 2566 527 2624 e'sse
543 2567 670 2624 amicum
687 2572 718 2626 et
734 2566 929 2627 defensorem
945 2567 990 2626 ei:
1005 2564 1154 2627 nimicus

236 2660 423 2723 Grandicula
444 2663 503 2721 iam
524 2663 695 2742 profe'ctast
712 2662 809 2723 illinc.
843 2663 1001 2724 climitent

109 2779 134 2818 aa
236 2761 290 2820 Me
312 2761 546 2840 sycophantam,
568 2760 775 2823 heriditatem
797 2764 943 2842 pe'usequi
1107 2768 1153 2824 81⁵

233 2860 427 2919 Mendicum:
450 2865 514 2917 tum
535 2859 629 2937 ipsam
653 2861 828 2940 dc'spoliare
846 2864 908 2921 nou
927 2859 1024 2921 lubet.

150 2957 216 3018 Mu.
239 2957 265 3015 0
287 2959 411 3037 optume
430 2955 561 3034 hospes,
583 2956 636 3036 pol
659 2959 746 3018 Crito
769 2960 925 3037 antiquom
947 2958 1080 3019 obtines.

151 3054 205 3113 Cn.
233 3053 298 3111 Duc
319 3073 368 3113 mc
389 3050 428 3111 sd
445 3069 527 3130 eam,
552 3053 672 3133 quando
694 3055 754 3114 huc
774 3055 864 3134 ueni,
887 3062 921 3115 ut
935 3053 1067 3115 uideam.
1090 3053 1152 3116 Mu.

600 3151 751 3211 Maxume.

150 3248 205 3309 ΒΑ.
234 3247 353 3327 Sequar
374 3249 446 3308 hos:
468 3267 516 3307 mc
538 3247 611 3309 nolo
634 3251 665 3308 in
688 3251 829 3330 tempore
849 3252 909 3310 hoc
931 3248 1152 3311 uidemsenex.
