2386 3810
62 146 224 200 tob—49
435 140 615 202 mortiflo.
944 144 1028 206 ‘223

60 341 83 383 ι.
110 321 192 402 euro
212 322 267 384 nro
294 322 351 383 os.
369 306 428 383 im
449 323 592 385 maneat?
619 324 677 386 or.
700 324 761 384 so.
787 324 844 390 on.
864 326 913 386 ue
934 326 1029 404 mm
1042 343 1068 386 o

478 422 535 480 tibi
553 419 641 500 licet,
663 422 862 488 Nausistrata.

60 535 81 577 ι.
109 515 162 576 Sic
175 514 230 597 pol
245 515 433 578 commodius
452 518 568 577 esseio
590 519 687 577 omnis
709 521 862 600 arbitror,
886 540 975 599 quam
994 527 1029 580 ut

481 615 639 693 coeperas,

107 707 239 770 Manere
265 709 361 786 bauo;
390 730 459 770 uam
477 708 675 792 perliberalis
697 714 809 791 obest,
838 732 930 792 quom
952 711 1027 793 uidi,

480 808 566 866 mihi.
974 821 1026 874 815

60 923 75 966 ι.
109 901 191 980 QuId
203 903 284 964 istim
299 906 458 983 negotist?
480 906 538 967 Cu.
552 906 655 965 Itmue
675 907 798 985 operuit
812 906 947 969 ostium?
969 908 1025 971 Du.

478 1005 547 1063 lam.
572 1003 629 1063 Gru.
646 1003 673 1063 0
688 1003 838 1083 Iuppiter,

77 1158 82 1165 ,
107 1097 147 1158 Di
169 1100 226 1158 uds
245 1101 432 1181 respiciunt:
467 1105 588 1180 guttam
607 1102 713 1160 iuueoi
734 1104 862 1183 nuptam
882 1120 950 1163 eum
971 1108 1026 1164 tuo

478 1200 556 1259 filio.
577 1199 634 1259 Da.
650 1199 742 1279 Hem,

108 1294 176 1371 Quo
190 1298 280 1375 ptoto
295 1295 328 1356 id
342 1298 466 1378 potuit?
488 1298 546 1359 Cu.
564 1299 632 1358 Nou
648 1299 722 1358 sotis
740 1303 823 1358 tutus
839 1298 888 1358 est
902 1297 939 1358 ad
954 1318 1026 1364 nar·
1039 1316 1065 1359 as

475 1395 602 1455 randum
616 1396 668 1455 hio
681 1394 779 1455 locus.

60 1511 73 1551 i.
104 1490 149 1551 At
163 1495 197 1550 tu
211 1493 292 1552 iutro
309 1494 367 1554 abi.
392 1495 448 1555 Gur.
465 1495 560 1571 Heus,
579 1514 618 1554 ue
634 1494 695 1553 filii
711 1492 835 1572 quidem
851 1492 911 1552 hoo
925 1496 1025 1554 nostri

477 1593 645 1651 reseisodnt
660 1589 743 1648 uolo.

421 1758 636 1818 Auuruno.

98 1879 218 1940 'Laetris
232 1899 308 1959 sum,
326 1887 359 1940 ut
375 1899 462 1941 meae
476 1901 527 1941 res
542 1883 610 1941 sese
625 1881 751 1958 babent,
767 1880 859 1940 fratri
873 1881 1020 1960 obtigisse
1037 1888 1061 1942 V
1075 1894 1092 1943 4

478 1978 560 2058 qudd
578 1977 655 2040 uolt.
971 1990 1024 2044 820

105 2078 203 2156 Quam
228 2079 385 2155 sottumst,
411 2078 477 2136 eius
497 2078 580 2137 modi
596 2094 707 2156 parare
728 2077 760 2135 in
781 2076 881 2136 animo
905 2077 1023 2157 eupidi-

508 2182 520 2233 t

107 2270 199 2346 Quas,
221 2271 312 2347 quom
325 2289 378 2330 res
392 2179 647 2362 aduoddad‘sdient,
667 2270 759 2352 pauld
773 2271 892 2331 mederi
908 2271 1031 2349 pdssist·

104 2367 166 2426 Hic
180 2366 268 2426 simul
282 2376 440 2447 argeutum
457 2372 614 2451 repperit,
637 2375 709 2429 cord
723 2389 793 2430 sese
809 2369 980 2449 expediuit:

102 2464 170 2542 Ego
188 2465 274 2526 millo
286 2487 409 2546 possum
420 2469 557 2529 remedio
570 2486 619 2527 me
631 2467 777 2528 euoluere
794 2487 832 2527 ex
848 2469 896 2528 bio
912 2469 1048 2545 tirrbis,⁵

104 2562 196 2639 Quin,
218 2565 246 2622 si
261 2564 321 2623 hdo
335 2564 465 2643 celetur,
486 2569 517 2625 in
536 2572 629 2642 metu,
651 2566 698 2623 siu
714 2565 831 2644 patefit,
853 2565 884 2622 iu
905 2567 1021 2643 probrd

103 2754 213 2833 Neque
233 2757 283 2816 me
299 2755 419 2817 domum
439 2681 726 2837 uuddmrtoiporem,
748 2757 836 2815 nimi
854 2757 936 2815 esset
950 2670 1021 2836 add:

477 2859 598 2915 ostento

60 2976 64 2984 ·
103 2950 243 3013 Huiusce
255 2952 425 3015 habendae.
448 2953 504 3014 aed
517 2955 570 3013 ubi
584 2974 653 3013 uam
667 2953 776 3014 Getam
794 2953 935 3012 inuenire
948 2953 1021 3033 pos-

493 3053 501 3068 ·
539 3053 555 3094 a

105 3143 162 3222 [vt
178 3163 299 3225 rogem,
321 3145 403 3228 quod
423 3071 767 3227 terdddsconuenmndi
786 3148 884 3227 patria
903 3165 952 3207 me
971 3166 1021 3206 ca-

476 3264 552 3326 pere
571 3244 720 3324 suadeat}
