2386 3810
116 142 200 217 140'
361 151 547 214 HEAVl'ON
570 151 859 215 l'lliiOliVllllNOS.
937 158 967 211 11
973 164 1051 217 341·-

199 337 274 397 Nam
290 355 327 396 ea
341 339 393 395 res
411 334 576 396 deditium
591 334 795 396 existumandi
811 340 934 419 cipiunt

200 434 381 495 cotidianae
396 437 477 494 uitae
493 433 758 513 consuetudinem,

200 536 285 610 Quae
302 535 471 612 quoiusque
485 533 641 610 ingenium
656 541 691 593 ut
707 537 748 593 sit
763 532 905 596 declarat
919 541 1051 598 minume

199 632 370 691 Texentem
386 630 480 691 telam
496 630 635 690 studiose
651 633 747 711 ipsam
762 632 961 713 offendimus,
1016 697 1019 705 ,

198 730 406 792 Mediocriter
425 732 567 788 nestitam
580 735 669 788 ueste
683 728 808 808 lugubri

201 821 297 912 (Eius
313 828 399 888 inuis
415 846 504 887 cansa
519 829 628 906 opinor
644 846 722 906 quae
737 834 805 886 erat
818 823 963 917 mdrtua)

200 934 274 992 Sine
289 932 380 990 miro:
402 937 465 989 tum
481 937 618 986 ornatam
632 931 676 986 ita
690 929 735 987 uti
752 947 830 1006 quae
844 931 999 991 ornantur
1009 931 1051 991 ¹sib

199 1030 288 1090 Nulla
302 1029 381 1089 mala
396 1047 432 1088 re
447 1046 515 1088 esse
535 1026 698 1106 expolitam
713 1027 858 1088 miliebri

207 1146 226 1178 ἦ
401 1145 420 1176 'k
596 1143 615 1176 *k
789 1143 809 1178 Ι·
986 1145 1006 1179 ἢ

200 1225 336 1307 Capillus
354 1243 461 1305 passus
477 1223 596 1302 prolixe
613 1231 642 1283 et
656 1225 773 1282 circium
789 1234 881 1305 caput

199 1327 344 1386 Reiectus
359 1321 573 1401 neglegenter,
593 1340 661 1400 pax.
690 1322 779 1383 ΟΜΝ.
794 1322 874 1403 Syre
889 1326 943 1403 mi,
962 1327 1051 1386 dbscc

201 1425 247 1484 Ne
262 1442 310 1482 me
327 1426 357 1481 in
374 1420 522 1480 laetitiam
537 1420 656 1478 fristra
672 1420 814 1480 coniciis.
836 1421 890 1481 Su.
907 1421 995 1483 Anus

203 1523 369 1582 Subtemen
388 1519 495 1578 nebat:
517 1516 683 1595 praeterea
698 1536 757 1575 una
773 1516 920 1577 ancillula

200 1622 293 1693 Erat3
315 1620 351 1678 ea
365 1619 489 1678 texebat
507 1616 575 1691 rina,
598 1616 708 1694 pannis
725 1618 833 1693 obsita,

199 1717 371 1796 Neglecta,
408 1712 554 1775 inmunda
579 1711 708 1773 inlituie.
763 1715 848 1775 curn.
872 1715 907 1775 Si
932 1717 1012 1777 hoec
1037 1735 1051 1776 s

572 1810 684 1889 Clinia,

200 1913 293 1988 Vera,
315 1914 358 1969 ita
373 1913 419 1970 nti
435 1911 540 1988 credo,
562 1914 630 1989 quis
644 1918 707 1969 test
721 1911 933 1972 foriundtiori

201 2010 275 2070 Scin
291 2009 369 2067 hinc
385 2028 473 2086 quam
490 2008 566 2067 dicit
581 2006 767 2068 sordidatam
784 2016 817 2068 et
832 2008 1012 2071 sdrdidami

200 2106 346 2183 Magnum
361 2105 420 2164 hic
439 2125 561 2185 quoque
579 2107 744 2184 signnmst,
767 2106 921 2167 dominam
943 2127 1014 2169 esse
1032 2126 1051 2168 e:

563 2205 693 2281 noxiam,

200 2303 299 2377 Quom
314 2302 380 2360 eicis
394 2307 455 2359 tarn
470 2299 678 2380 negleguntur
693 2302 889 2362 internuntii.

197 2401 273 2460 Nam
290 2398 481 2481 disciplinast
497 2405 552 2478 eis,
576 2401 809 2462 demunerdrier

74 2527 100 2567 oo
198 2498 337 2561 Ancillas
351 2501 492 2580 primum,
516 2500 554 2558 ad
570 2500 706 2561 ddminas
722 2503 774 2580 qni
789 2499 951 2562 adiectdnt
964 2504 1048 2562 niam.

114 2604 202 2664 ΟΜΝ.
224 2601 336 2679 Perge,
359 2602 487 2660 dbsecro
505 2606 553 2666 te,
576 2607 608 2659 et
623 2605 697 2660 ciue
711 2619 750 2660 ne
765 2598 873 2660 falsam
892 2603 1024 2679 gritiam

200 2698 330 2760 Studeis
345 2700 433 2758 inire.
454 2697 528 2776 quid
544 2701 596 2775 ait,
615 2699 667 2757 nbi
682 2716 730 2756 me
745 2699 908 2759 ndmInas‘l

115 2799 168 2859 Sr.
198 2800 259 2861 Vbi
275 2799 403 2859 dicimus
421 2797 542 2857 redisse
557 2805 589 2857 te
604 2805 636 2857 et
651 2801 760 2875 rogdre
775 2798 820 2856 nti

198 2898 328 2959 Veniret
343 2896 381 2955 ad
396 2902 440 2972 te,
462 2894 573 2955 muilier
588 2896 679 2956 telam
694 2895 809 2955 de'sinlt

73 3017 98 3060 oa
198 2997 350 3056 Continuo
367 3002 399 3055 et
414 2994 559 3054 lacrumis
577 2994 683 3075 ripplet
698 3014 732 3054 os
746 2993 845 3053 lotium
859 2995 932 3075 sibi,

197 3094 240 3154 Vt
254 3090 346 3150 iaicile
362 3093 458 3152 scires
474 3091 630 3151 de'siderio
647 3093 678 3151 id
693 3093 775 3152 fieri.

112 3193 199 3253 ΟΜΝ.
222 3190 301 3250 Prae
316 3189 445 3268 galidio,
466 3191 509 3249 ita
527 3208 576 3249 mc
590 3188 623 3249 di
639 3196 752 3268 ament,
773 3191 824 3248 ubi
840 3191 898 3250 sim
913 3192 1036 3253 nescio:

194 3289 239 3347 lta
252 3290 349 3348 timui.
370 3289 463 3349 ΟΜΝ,
481 3289 522 3348 At
537 3306 595 3365 ego
613 3286 656 3346 nil
671 3289 739 3347 esse
755 3289 881 3364 scibam,
904 3286 1017 3350 Clinia.

194 3388 261 3463 Age
276 3383 347 3444 dim
360 3387 506 3465 uicissim,
528 3384 618 3464 Syre,
639 3384 689 3445 dic
705 3403 783 3466 quae
797 3384 885 3447 illast
901 3385 1028 3452 tlterai
