2386 3810
76 216 99 262 X
483 223 663 264 Pasassrso

77 373 246 430 oarutalem
267 388 343 444 quac
369 371 412 429 cui
434 374 526 431 solam
545 372 695 431 scribendi
714 375 832 444 sinpuia
854 373 995 432 uocabula
1015 388 1069 430 ra-

76 471 182 527 cionem
203 471 345 542 pertinet,
379 470 503 541 itemque
534 468 585 526 abi
608 477 692 527 actus
717 486 897 542 scaenaeque
923 458 1073 528 aliterue

76 565 227 624 Benticias
248 567 384 624 constitui
389 609 396 637 ,
417 567 468 624 cui
485 567 533 622 rei
550 568 771 638 capnoscendae
784 567 914 625 nummis
935 567 966 623 ia
986 580 1064 623 mar-

73 665 191 737 pinibus
211 665 338 737 capietis
355 667 504 738 prouisum
525 673 575 723 est.

160 760 262 819 Restat
282 765 314 819 ut
332 762 375 818 eis
394 761 466 818 uiris
487 760 578 818 tiociis
598 763 651 833 qui
669 778 740 821 suas
757 761 902 835 quasdam
922 763 1073 820 coniecta·

76 873 129 915 ras
152 856 344 915 Terentianus
353 857 497 930 priuatim
518 871 628 914 mecam
649 861 935 918 communicauerunt
953 865 983 916 et
996 863 1030 915 at
1042 859 1073 916 in

76 969 160 1010 usum
181 969 275 1011 meum
301 957 497 1011 converterem
514 955 714 1024 permisceant
736 957 854 1026 pratias
876 969 965 1027 apum
984 969 1075 1027 quam

77 1051 233 1106 maximas.
265 1065 301 1107 ae
327 1051 456 1121 primum
488 1048 605 1119 quidem
635 1048 804 1109 Theodorus
836 1051 988 1124 Berpisias
1018 1050 1075 1108 iias

41 1162 43 1167 ·
76 1145 212 1203 Heauton
233 1147 424 1202 timorumenu
444 1144 660 1204 emendationes
680 1163 749 1205 suas
770 1149 846 1206 adeo
867 1149 942 1207 milei
954 1147 1075 1222 proia-

77 1245 117 1301 ait
132 1250 164 1300 at
183 1245 214 1300 in
234 1243 386 1300 uerborum
407 1243 540 1301 ordinem
559 1247 737 1317 receperim:
759 1261 784 1302 u.
809 1244 848 1304 72
864 1241 961 1302 Enim
983 1240 1074 1304 dices
1102 1250 1105 1255 '

77 1344 231 1418 quantum
253 1343 438 1413 (occupatum
458 1339 513 1397 noc
526 1354 546 1396 a
561 1339 667 1399 Botiio
686 1343 716 1399 in
730 1341 841 1414 epium.
853 1343 944 1414 antiq.
958 1340 1075 1399 Dorm-

76 1436 152 1493 staci.
174 1451 203 1492 a.
230 1434 304 1494 1841
323 1453 358 1509 p.
383 1433 492 1506 1062),
520 1451 545 1492 a.
569 1435 628 1495 154
645 1426 716 1495 ¹'hoo
738 1455 834 1517 quom
854 1433 905 1514 fit,
933 1432 988 1497 ibi·
1006 1454 1075 1498 non

77 1537 180 1608 reete,
203 1550 229 1589 u.
251 1531 310 1592 253
332 1529 416 1590 unde
437 1531 466 1590 ei
486 1549 557 1590 esse
573 1549 701 1608 censes,
722 1549 747 1590 o.
769 1531 829 1592 300
853 1530 899 1591 eis
920 1530 1074 1593 demone-

76 1626 179 1686 rarior
194 1633 267 1702 (qua
287 1632 511 1689 incorrectione
524 1631 699 1704 praeiverat
714 1630 861 1704 Capetus),
881 1647 907 1688 a.
925 1629 987 1688 402
1002 1624 1072 1689 uidi

78 1744 150 1785 esse
171 1723 332 1801 habitum,
356 1727 410 1788 diu
433 1727 530 1788 etiam
543 1725 655 1788 turbas
675 1725 782 1806 dabit,
804 1746 830 1786 o.
849 1730 909 1789 405
927 1724 986 1788 CL.
1004 1724 1092 1790 ante¹

76 1820 245 1903 Antiphila
265 1829 370 1898 reponi
388 1830 483 1900 iussit,
504 1845 531 1886 u.
552 1827 608 1884 411
634 1825 737 1907 primo
752 1844 794 1885 ex
814 1843 881 1904 me3
904 1829 984 1886 aliae
997 1844 1075 1902 qaas

77 1934 134 1977 non
149 1921 250 1993 recepi
268 1923 335 1979 otim
355 1925 386 1979 in
402 1925 608 1981 commentario
629 1925 732 1981 critico
752 1923 940 1996 auferentur.
964 1924 1075 1984 deinde
1113 1920 1116 1925 ’

76 2032 142 2073 eam
163 2017 200 2074 de
220 2020 334 2076 nomine
359 2021 410 2076 itio
428 2021 559 2077 mulieris
579 2020 658 2091 quod
672 2020 804 2078 Andriae
823 2036 849 2076 u.
872 2017 931 2078 945
953 2021 1074 2080 alionis

73 2112 244 2184 foedissimo
265 2115 369 2173 merida
391 2110 545 2173 Pasibula
566 2115 707 2173 traditam
729 2122 784 2187 est,
808 2117 963 2188 Georpiam
984 2118 1073 2177 Bez-

75 2211 287 2283 zenberperam
307 2221 336 2270 et
357 2211 494 2270 Carolum
514 2212 656 2283 Keilium,
678 2216 803 2270 alteram
823 2229 924 2272 coram
942 2231 1000 2288 per
1020 2219 1073 2275 iu-

75 2308 284 2367 cundissimam
307 2324 402 2367 meam
430 2311 607 2367 mansionem
631 2309 840 2380 Dresdensem‚
869 2327 927 2384 per
957 2313 1074 2372 litteras

75 2410 201 2466 aiterum
216 2410 430 2470 consuluissem.
451 2415 572 2479 uterque
589 2409 663 2465 miro
677 2424 819 2466 consensu
832 2409 904 2466 atilli
914 2414 1074 2484 proposuit

75 2505 108 2562 ici
123 2504 203 2577 qaod
216 2507 317 2577 recepi
329 2498 496 2583 Pasiphilo
504 2548 512 2580 ,
535 2504 731 2575 quaomnia
747 2502 899 2563 Terentius
914 2507 948 2563 ni
963 2508 1072 2566 mirum

73 2604 194 2676 scripsit
211 2596 364 2682 Pasipila.
388 2601 511 2673 denique
525 2599 660 2657 Heauton
681 2602 873 2659 timorumena
886 2609 953 2674 post
965 2618 990 2660 u.
1009 2599 1073 2662 289

74 2717 163 2759 unum
195 2715 309 2759 uersmn
339 2701 456 2758 incuria
492 2697 682 2755 librariorum
718 2697 863 2757 excidisse
895 2699 1076 2774 Buciotpiius

72 2799 237 2858 Dietscioius
255 2799 327 2857 milii
344 2798 527 2870 sipnificauit.

157 2894 272 2952 Dabam
290 2891 488 2962 Francosurti
513 2891 556 2948 ati
580 2890 718 2949 Moenum
746 2907 843 2950 mense
868 2892 968 2966 Aprili
998 2898 1075 2955 areni

75 2991 305 3066 maccolum.
