2386 3810
50 157 90 209 15
107 159 221 214 15-33
456 153 622 214 fluctui.
959 155 1020 220 261

101 318 158 395 iile
179 337 347 397 reuiuiscet
370 336 429 395 iam
449 354 628 415 numquam,
649 343 681 396 et
696 341 797 399 idmen
815 344 916 397 utrum
932 334 1019 396 mulia
1033 356 1058 398 n

475 435 549 494 scio.
969 444 1021 498 465

50 552 73 592 a,
101 531 181 592 Heri
205 531 415 594 Philumenam
436 531 476 592 dd
495 551 529 592 se
551 534 666 593 arcessi
686 533 737 594 hic
759 535 860 601 iniecit.
888 531 937 594 diu
958 533 1021 593 ius-

68 642 70 651 *
474 635 551 692 aisse
569 639 611 694 te.

51 751 74 791 u.
101 729 174 791 Ndli
194 730 315 792 indere,
342 732 427 791 idaei.
454 729 512 791 Ln.
535 728 600 789 Sed
617 748 683 789 eam
705 731 765 790 itm
784 733 934 791 remittet.
961 730 1019 792 1³11.

475 828 611 891 Scilicet.

51 947 72 989 i.
103 911 233 1024 anem
244 944 311 986 rem
325 927 388 986 seio
402 927 435 987 tit
448 930 490 989 ait
503 936 604 1008 gesta:
621 926 789 989 adueniens
802 928 906 990 audiui
917 928 1018 992 modo.

51 1044 73 1087 i.
104 1024 147 1084 At
161 1025 238 1084 istos
253 1023 374 1085 inuidda
390 1023 421 1084 di
435 1024 584 1106 perdant,
605 1026 659 1106 qui
678 1027 755 1087 hade
774 1025 921 1087 lubenter
940 1029 1020 1087 nain-

467 1125 554 1185 tiant.

51 1241 71 1283 i.
100 1205 166 1299 ldgo
181 1238 231 1290 me
247 1222 310 1281 auio
327 1224 461 1299 cauisse,
479 1241 519 1281 ne
535 1220 597 1282 nlla
611 1225 725 1283 merito
740 1222 925 1283 contumelia
968 1234 1020 1288 470
1032 1249 1059 1288 m

99 1319 186 1380 Fieri
207 1338 224 1378 a
246 1320 334 1379 uobis
358 1322 479 1400 pdsset:
507 1318 601 1399 idque
626 1323 653 1380 si
672 1340 754 1380 uuna
775 1340 948 1382 memorare
969 1324 1019 1383 hic

471 1416 577 1495 uelim,

98 1517 195 1592 Quian
209 1513 295 1575 fideli
310 1514 410 1574 animo
424 1515 457 1574 et
466 1516 600 1593 benigno
614 1512 744 1574 inillam
757 1512 948 1574 etelementi
961 1514 1017 1593 ini,

98 1611 183 1673 Ve're
197 1631 337 1692 possum:
356 1615 389 1671 ni
405 1619 438 1672 te
454 1630 492 1672 ex
511 1613 579 1691 ipsa
593 1612 671 1671 haec
688 1612 783 1690 mtgis
798 1608 892 1670 uelim
907 1613 1018 1671 rescia-

472 1727 560 1769 uere:

99 1807 237 1887 Nimqne
258 1826 295 1868 eo
311 1813 401 1888 pacto
423 1811 561 1868 mixume
580 1807 660 1888 apud
675 1815 708 1869 te
723 1808 792 1868 meo
812 1809 874 1867 erit
894 1808 1019 1887 ingenid
1149 1829 1151 1833 ·

471 1904 561 1984 iiden,

101 2007 199 2084 Qudm
214 2003 286 2085 illa,
309 2023 387 2085 quae
407 2024 489 2066 nunc
508 2009 540 2065 in
562 2025 611 2066 me
628 2007 779 2086 iniquaat,
799 2008 896 2087 ae'qua
914 2006 953 2069 de
968 2027 1018 2069 me
1030 2026 1057 2068 aa

473 2103 593 2165 dixerit.
965 2116 1016 2171 475

98 2201 207 2282 Neque
228 2219 295 2262 mea
317 2199 407 2283 culpa
426 2204 487 2264 hdo
506 2202 667 2264 discidium
686 2205 846 2283 euenisse,
866 2203 900 2263 id
918 2207 1018 2265 testdr

467 2301 552 2367 deos.

101 2395 166 2457 sed
180 2395 301 2477 quando
318 2415 387 2458 aeae
404 2401 473 2460 dese
487 2398 643 2478 indignam
659 2398 804 2479 deputat,
825 2402 916 2460 matri
932 2418 1017 2459 meae

99 2495 185 2572 Quat}
206 2493 355 2555 concedat
375 2495 524 2577 tutusque
539 2515 641 2556 mores
657 2494 773 2557 tdleret
788 2515 841 2556 aaa
855 2495 1017 2574 moddatia,

98 2593 208 2672 Neque
224 2591 285 2652 alio
302 2597 392 2672 pactd
407 2600 512 2675 potest
527 2594 669 2674 compdni
683 2594 767 2653 inter
784 2611 837 2654 eae
852 2594 963 2672 gritia:

99 2690 298 2770 Segreganda
313 2697 364 2751 aut
380 2697 479 2753 miter
495 2712 512 2750 a
531 2710 580 2751 me
596 2697 660 2769 est,
682 2680 853 2772 Phidippe,
877 2698 928 2751 aut
943 2690 1018 2752 Pid-
1030 2718 1057 2759 aa

469 2788 603 2850 limena.
897 2778 899 2783 ’
965 2799 1017 2854 480

96 2886 186 2946 Ntiuu
203 2904 252 2946 me
272 2887 373 2966 pietas
388 2887 494 2946 mdtris
512 2889 615 2967 potius
631 2885 820 2948 cdmmodum
842 2884 951 2947 suadet
967 2907 1016 2948 ae-

473 2986 533 3062 qui.

53 3107 69 3144 ι.
99 3080 278 3162 Pamphile,
305 3080 388 3143 haud
409 3083 509 3142 inuito
530 3080 569 3142 ad
591 3083 672 3142 auria
701 3083 804 3142 adamo
824 3083 866 3144 mi
886 3084 1017 3144 uacauit

471 3187 551 3259 tuna,

98 3278 196 3355 Qudm
217 3283 251 3340 te
269 3281 465 3359 poatputisse
487 3280 586 3341 omnia
604 3297 656 3339 rea
677 3281 753 3360 prad
772 3286 903 3359 parente
924 3276 1018 3339 intel·

468 3375 556 3458 lego:
