2386 3810
58 145 68 199 Ι
82 147 242 198 tlt-211
284 140 470 202 HEAVTON
494 140 781 204 TIMORVMENOS.
971 145 1032 207 133

108 324 198 385 Nune
212 343 262 385 me
277 329 375 405 ipsum
392 327 510 403 fugere.
534 327 594 386 cn.
612 327 746 387 Siciuest
762 329 938 388 sententia?

58 442 87 482 s.
112 422 173 483 Sic.
198 423 256 485 On.
272 423 357 482 Beue
373 421 452 482 uule.
474 423 538 482 Mn.
553 423 595 482 Et
610 430 652 481 tu.
675 422 733 483 Cn.
745 423 909 483 Lterumas
921 442 1029 485 exeus-
1041 439 1081 480 uu

481 525 521 580 sit
537 521 622 598 mihi,

106 620 302 697 Miseretque
316 638 365 680 me
382 621 465 679 eius:
484 620 539 678 sed
555 628 588 679 ut
603 619 666 679 diei
680 622 800 700 tempus
816 628 875 702 est,

110 717 251 796 Tempust
267 736 393 777 monere
407 737 456 777 me
470 719 553 778 lnine
568 720 701 778 uicinum
716 720 875 798 Plituium,

105 814 157 876 Ad
172 817 276 875 cenum
294 823 329 874 ut
342 817 461 875 ueniat:
483 818 545 894 ibo,
566 817 661 875 uisam
678 820 704 876 si
720 816 840 876 domist.
974 828 1028 883 170

107 912 162 972 Nil
179 915 255 992 ‹iput
269 914 331 973 fuit
345 915 513 973 menitdre:
537 912 726 973 iamdudum
744 915 826 975 domi

104 1013 236 1071 Praesto
250 1010 331 1090 dpud
346 1030 395 1070 me
408 1029 476 1071 esse
491 1013 592 1086 uiunt;
613 1014 735 1090 egomet
750 1015 896 1074 conuiuiis
907 1033 1021 1074 moror.
1037 1028 1076 1069 ιω

104 1111 160 1170 ibe
176 1109 252 1171 tideo
267 1111 339 1168 hine
355 1111 448 1171 intro.
473 1110 528 1169 sed
545 1111 619 1188 quid
635 1115 825 1192 erepuerdnt
840 1114 928 1173 fereu

104 1208 187 1267 iliue
200 1211 216 1267 t
230 1209 302 1267 me?
322 1209 390 1286 quis
405 1227 474 1268 num
488 1208 670 1286 egreditur?
692 1211 751 1270 ime
766 1213 963 1273 concessero.

276 1375 509 1438 Gntnlnno.
553 1377 770 1437 Cnnnnnu.

58 1551 66 1562 .
99 1500 154 1562 Nil
178 1499 277 1562 adhue
297 1507 346 1560 est
368 1499 450 1578 qudd
470 1521 616 1579 uereere,
639 1500 754 1562 Clinia:
776 1501 859 1562 haud
875 1523 1025 1583 quaquam
1044 1517 1093 1569 12

477 1601 568 1659 etiam
584 1608 722 1659 cessant:
971 1610 1022 1666 175

101 1682 238 1758 titillatu
249 1695 338 1758 simul
347 1718 413 1758 eum
422 1698 529 1757 mintio
542 1698 598 1755 tibi
610 1698 660 1755 hie
668 1696 839 1756 tdiutururu
848 1695 1023 1758 hudiescio.

103 1798 199 1857 Prdin
216 1803 251 1856 tu
272 1796 512 1857 sollicitudinem
528 1797 615 1854 istam
632 1794 749 1874 idlsam,
771 1815 849 1875 quae
866 1801 899 1856 te
913 1799 1024 1860 exerui-

476 1894 547 1970 uint,
569 1894 682 1953 mittan.
789 1918 792 1923 ¹

58 2014 75 2052 t.
101 1993 230 2068 Quicum
246 1989 384 2070 loquitur
402 1989 510 2050 filius?

62 2138 69 2148 .
98 2088 193 2148 Pdter
216 2087 321 2166 adest,
345 2107 435 2167 quem
456 2087 556 2148 udlui:
584 2085 684 2149 adibo.
713 2091 819 2168 puter,
847 2097 1048 2170 opportunus

472 2183 607 2244 dduenis.

58 2303 76 2342 t.
99 2280 180 2357 Quid
195 2280 229 2340 id
247 2283 317 2341 est?
344 2283 397 2342 Cn.
414 2282 504 2342 Hune
520 2281 738 2343 Menedemum
759 2285 862 2342 nostin
882 2285 1021 2345 ndstrum

474 2381 633 2439 nieindm?
644 2380 715 2438 'Cin
732 2378 843 2438 Probe.
971 2391 1032 2451 180,

62 2521 69 2534 .
94 2475 176 2536 Huic
200 2474 302 2537 filium
329 2478 390 2537 ucis
414 2478 505 2537 esse?
542 2478 598 2538 Gn.
627 2475 737 2535 Audiui
763 2494 847 2535 esse:
871 2477 1022 2537 tn'duiu.
1087 2532 1090 2539 .

474 2574 526 2635 Cn.
542 2574 609 2633 Non
626 2576 684 2649 est,
706 2580 811 2652 puter:

102 2669 194 2750 Apud
207 2674 263 2732 nde
276 2679 333 2733 eet.
349 2668 408 2735 Cnss
425 2671 504 2749 Quid
519 2673 585 2731 uis?
603 2673 654 2731 Cn.
664 2653 902 2747 dduenientem,
920 2685 937 2726 e
950 2669 1023 2727 ntui

472 2769 684 2847 egredientem
701 2766 772 2826 ilico

102 2864 225 2925 Abddxi
240 2865 278 2926 ud
294 2886 414 2927 cenam:
435 2870 504 2925 mim
521 2867 594 2925 mihi
611 2885 718 2946 mugnu
735 2865 930 2926 eumedium
947 2860 1021 2921 iude
1044 2924 1049 2933 ,

473 2966 645 3045 upueritia

99 3061 172 3123 nun
194 3065 317 3143 semper
339 3064 541 3125 familitritus.
579 3067 637 3126 Cn.
661 3063 861 3144 Voluptitem
881 3073 1059 3136 mugnumtu
1125 3086 1128 3091 ·

471 3165 602 3223 mintius.

101 3261 196 3336 Quum
224 3258 338 3322 ue'llem
358 3261 576 3322 Menedemum
604 3261 782 3338 inuitatum,
808 3263 843 3317 ut
862 3256 1021 3316 ndbiucum

466 3372 554 3432 esset,
571 3360 710 3440 implius,
969 3361 1021 3416 185
1143 3432 1146 3436 .
