2386 3810
344 512 679 587 PROLOGVS.

96 679 261 759 Postqutm
276 685 368 760 pocta
386 684 483 742 sensit
498 683 680 762 scripturirn
696 703 779 743 suum

95 779 143 837 llb
159 780 272 857 iniquis
290 781 449 839 obseruiri
470 787 502 839 et
517 777 711 840 uduorstrios

95 875 217 956 Rupere
235 879 266 934 in
284 878 422 956 peiorum
438 881 558 956 pirtem
575 895 663 953 quam
680 879 778 935 acturi
794 894 913 936 sumus:

95 975 211 1035 ludicio
230 975 269 1035 de
285 995 353 1036 seso
369 979 434 1055 ipsc
451 976 529 1051 erit,
551 994 606 1033 uos
622 974 751 1054 iudices,

95 1072 214 1132 Laudin
230 1094 266 1132 un
283 1075 358 1133 uitio
377 1073 447 1132 dixci
465 1073 497 1133 id
514 1075 626 1134 iactum
644 1078 795 1155 oportent.
997 1086 1016 1139 ὃ

96 1172 421 1252 Synapothnescontes
437 1171 552 1251 Diphili
572 1172 776 1232 comoediast:

96 1272 170 1332 llam
186 1272 423 1331 Commorientis
439 1270 565 1330 Plautus
580 1270 657 1329 iecit
671 1269 815 1331 fibulam.

96 1370 129 1430 ln
146 1371 264 1432 Graeco
279 1369 459 1429 adulescens
476 1371 538 1446 est,
561 1369 613 1447 qui
626 1366 734 1427 lenoni
751 1368 846 1448 eripit

96 1471 297 1530 Meretricem
313 1469 344 1526 in
360 1469 458 1547 prima
473 1465 592 1528 fibula:
614 1485 683 1525 cum
701 1465 830 1526 Plautus
843 1465 947 1526 locum

96 1567 234 1644 Reliquit
250 1568 412 1645 integrum.
436 1585 505 1625 eum
521 1566 571 1623 hic
585 1562 687 1623 locum
703 1568 832 1644 sumpsit
847 1566 906 1625 sibi
984 1577 1018 1630 10

97 1667 130 1725 ln
148 1664 325 1744 Adelphos,
347 1666 477 1723 uerbum
492 1661 532 1722 de
549 1665 645 1723 uerbo
662 1682 840 1743 expressum
853 1663 976 1726 e'xtulit.

96 1767 172 1825 Eum
186 1768 242 1823 nos
260 1764 358 1823 acturi
373 1763 475 1822 simus
491 1780 615 1821 nouum:
636 1763 815 1842 pernoscite

95 1865 268 1926 Furtumne
283 1863 396 1921 luctum
412 1862 602 1921 existumetis
622 1859 776 1921 inlocum

96 1964 306 2042 Reprtnsum,
329 1963 381 2040 qui
397 1961 585 2042 praeteritus
600 1958 836 2039 neglegentiust.

97 2060 173 2120 Nom
189 2060 272 2137 quod
286 2061 339 2120 isti
355 2060 461 2120 dicunt
476 2056 630 2137 miliuoli‚
652 2059 792 2118 homines
809 2056 923 2118 nobilis
983 2067 1017 2120 lo

96 2158 175 2218 Eum
189 2158 328 2218 idiuture
347 2157 535 2238 adsidueque
550 2178 609 2218 una
627 2159 784 2218 scribere:

99 2256 187 2333 Quod
203 2256 252 2316 illi
265 2255 461 2317 maledictum
477 2259 603 2318 nemone
619 2275 688 2315 esse
703 2259 898 2332 existumant,

98 2358 172 2417 Earn
187 2356 309 2416 laidem
326 2358 376 2417 nic
393 2357 478 2417 ducit
491 2361 675 2433 munnam,
698 2375 789 2435 quom
804 2354 868 2415 illis
883 2353 998 2434 placet,

97 2458 157 2534 Qui
171 2458 258 2516 uobis
273 2457 427 2515 uuiuorsis
442 2462 474 2516 et
489 2454 603 2535 populi
618 2453 753 2536 placent,

97 2559 234 2633 Quorum
255 2558 349 2634 opero
364 2556 396 2613 in
413 2553 516 2634 bello,
538 2556 665 2632 initio,
686 2555 718 2613 in
734 2552 860 2630 negotio
985 2561 1021 2615 20

98 2656 161 2715 Suo
180 2657 309 2734 quisquc
324 2660 464 2732 tempore
482 2654 568 2712 cisust
583 2653 649 2711 siue
665 2652 818 2730 superbio.

97 2753 218 2814 Dehinc
232 2769 272 2810 ne
291 2751 461 2829 expectetis
479 2753 689 2828 trgumentum
706 2745 845 2808 fibulae:

96 2853 197 2911 Senes
213 2850 264 2929 qui
280 2848 372 2928 primi
387 2850 530 2924 uenient,
553 2848 583 2906 ei
597 2854 716 2927 purtem
733 2845 885 2925 iperlcnt,

98 2952 132 3008 ln
149 2947 266 3026 agendo
283 2952 404 3025 partem
421 2946 596 3006 ostendent.
618 2945 712 3004 incito
728 2943 950 3022 eequiuimitus

101 3138 218 3206 initae
234 3142 272 3202 ud
289 3142 483 3203 scribendum
500 3146 609 3222 uigent
623 3141 815 3203 industrium.
985 3146 1022 3200 io

396 3320 604 3342 ——-—-÷
