2386 3810
461 205 640 247 PRAEFATIO
1023 202 1059 248 IX

54 369 135 412 nrrcm
155 353 286 413 codicem
300 351 475 411 Bembinum
496 369 558 412 esse
580 369 618 413 ac
637 357 723 426 lanpc
743 357 879 427 plurimis
896 356 1063 431 Callippia-

55 466 163 511 norum
189 454 290 510 naeus
315 451 518 524 absterpendis
543 450 697 522 sufficere,
732 452 787 511 scd
810 455 856 511 uel
880 456 923 512 sic
948 459 1062 514 restare

55 564 134 621 puae
154 563 223 607 cum
249 548 312 607 tolli
330 546 468 606 Bemoini
489 562 544 620 cpe
570 560 730 620 moueant,
754 551 835 608 ultra
860 551 948 609 iuius
971 550 1060 622 fidem

38 645 274 721 ¹proprediendi
291 652 320 704 et
342 647 446 704 salutis
466 662 483 704 e
502 649 671 705 coniectura
695 647 842 720 petendae
862 650 1060 707 necessitatem

56 748 227 807 manarent..
242 744 312 803 linc
327 744 418 816 ipitur
431 742 585 816 profectus
603 748 632 801 et
644 745 675 801 in
692 746 838 802 ancilium
852 745 989 803 adhibitis
1003 761 1061 803 non

57 841 151 899 solum
172 845 302 899 ueterum
322 841 515 912 scriptorum,
543 839 680 910 inprimis
696 843 957 911 prammatr'corum
977 844 1061 900 testi-

58 939 163 997 moniis
183 938 222 995 de
240 939 339 996 multis
359 937 466 994 aarum
484 936 661 1007 fabularum
682 937 824 1008 uersibus,
847 937 901 996 sed
917 940 1006 996 etiam
1019 941 1062 997 eis

58 1051 135 1110 quac
144 1037 265 1109 priores
284 1034 411 1093 editores
424 1034 536 1106 aliique
550 1033 681 1092 homines
691 1034 771 1093 docti
779 1035 822 1092 ad
830 1035 948 1120 easdem
957 1052 1060 1095 emen«

58 1133 181 1191 dandas
201 1132 273 1190 data
298 1145 391 1205 opera
418 1133 671 1202 excapitaverunt,
697 1132 792 1191 umbe's
804 1136 913 1205 poetae
934 1135 1061 1206 intepri-

59 1236 146 1288 tatem
168 1235 309 1302 quantum
324 1229 412 1301 patui
430 1228 584 1285 restituere
597 1233 718 1286 conatus
731 1243 804 1312 sum.
825 1245 882 1301 pua
901 1231 932 1287 in
948 1232 1061 1302 nepotio

59 1341 135 1386 notra
153 1325 287 1385 subsidia
308 1327 367 1384 nisi
380 1339 456 1397 quae
476 1324 608 1383 omullus
625 1331 763 1397 paterent
781 1326 856 1383 milri
870 1333 990 1399 praesto
1003 1343 1060 1385 non

56 1423 185 1496 fuerunt
198 1426 324 1496 praeter
344 1436 435 1480 unum
454 1423 620 1498 estentplum
638 1421 773 1481 editionis
794 1428 917 1481 curatae
938 1424 975 1482 alr
994 1424 1059 1481 An-

57 1522 135 1580 tonio
148 1519 284 1577 Gooeano
295 1517 447 1590 (Lupduni
458 1517 542 1591 apud
550 1516 615 1576 Sel).
627 1518 790 1591 Gryphium
801 1534 829 1575 a.
839 1519 1060 1590 MDXXXXI)

57 1617 250 1677 adsmuatum
270 1615 347 1675 illud
366 1617 398 1674 in
419 1616 590 1675 bibliotheca
609 1616 695 1688 repia
711 1615 886 1673 Monacensi
899 1620 1059 1690 (sipnatum

58 1714 93 1773 Α
107 1714 176 1774 Lat.
196 1729 225 1772 a.
247 1711 331 1783 290),
351 1714 438 1791 *cuius
459 1710 643 1783 murpiniaus
664 1711 768 1769 Petrus
795 1711 939 1771 Victorius
958 1716 1060 1786 scrip-

10 1804 16 1913 Ι
57 1816 143 1869 turus
156 1809 352 1882 complurium
365 1808 516 1877 librorum,
529 1809 561 1864 in
575 1807 617 1865 eis
628 1804 767 1865 Bembini
775 1810 965 1882 ascripserat,
981 1809 1060 1869 unde

12 1926 19 1989 ζ
58 1910 173 1980 eliquat
189 1908 261 1965 lacis
274 1906 312 1963 de
328 1907 452 1965 lectione
470 1905 558 1963 laius
576 1906 680 1979 optimi
691 1904 762 1963 libri
775 1918 851 1978 quaa
866 1908 987 1965 aliunde
1001 1923 1058 1967 non

55 2010 125 2064 crat
143 2008 215 2063 nota
234 2003 343 2062 certior
359 2002 462 2074 sactus
482 2016 556 2060 sum.

142 2100 206 2158 Pro
223 2098 421 2170 fundamento
434 2098 522 2157 huius
537 2087 728 2170 recensionis,
751 2104 784 2157 ut
790 2114 856 2172 par
869 2106 949 2169 erat,
971 2100 1061 2158 latui

58 2197 190 2258 Ricardi
202 2193 320 2253 Bentlei
337 2195 491 2252 editionem
512 2182 638 2253 alteram
659 2210 736 2267 puae
752 2193 962 2256 Amstelodami
981 2212 1060 2255 anno

58 2291 304 2353 MDCCXXVII
327 2291 458 2365 prodiit:
485 2306 505 2347 a
531 2292 616 2349 cuius
643 2295 778 2364 exemplo
804 2292 855 2350 uli
878 2294 1059 2352 recessissem

58 2391 172 2451 additis
189 2389 357 2449 auctoribus
370 2394 424 2447 aut
441 2387 583 2446 librarum
597 2391 774 2462 scriptorum
788 2393 929 2449 memoria
951 2396 1003 2449 aut
1018 2393 1060 2449 eis

58 2487 223 2547 hominibus
248 2486 340 2544 doctis
366 2487 418 2557 qui
440 2487 557 2543 illorum
586 2488 772 2557 corruptelas
798 2486 869 2545 bene
889 2487 1060 2545 emendasse

58 2584 231 2643 uiderentur
250 2584 282 2640 in
302 2582 361 2640 leuc
375 2580 568 2655 praefatione
587 2596 735 2654 exponere
755 2585 978 2652 constitueram·
1005 2600 1058 2642 ue-

56 2696 125 2741 rum
144 2694 216 2738 mou
233 2680 367 2737 intelleni
384 2678 443 2736 ltac
460 2680 574 2736 ratione
588 2682 718 2750 peracta
733 2676 804 2748 fare
817 2687 849 2737 ut
862 2683 950 2738 multo
964 2681 1059 2738 maius

53 2779 188 2851 spatium
208 2777 371 2848 inpleretur
391 2790 480 2846 quam
501 2774 548 2832 itis
569 2774 682 2832 chartis
701 2790 869 2833 concessum
888 2784 974 2848 esset,
997 2778 1058 2835 ita-

54 2894 115 2952 que
132 2879 185 2937 illo
204 2876 325 2936 consilia
345 2875 456 2933 allecta
471 2889 532 2933 una
552 2889 619 2933 cum
639 2874 697 2933 lrac
712 2878 852 2934 maiorem
873 2876 981 2934 irarum
999 2876 1058 2947 sa-

55 2976 197 3036 lularum
211 2976 367 3034 editionem
378 2977 491 3047 paraui
504 2976 578 3032 iusta
593 2982 744 3048 apparatu
761 2976 863 3034 critico
878 2977 1058 3044 instructam,

55 3088 149 3146 auam
168 3086 240 3130 more
259 3074 290 3129 r'n
306 3070 461 3145 publicum
481 3072 607 3143 prodire
622 3086 711 3144 posse
732 3087 828 3144 spero.
849 3072 918 3130 laic
939 3058 1061 3130 editioni

56 3170 145 3243 infra
166 3169 280 3228 nudam
301 3169 530 3242 discrepantiam
549 3170 717 3241 scripturae
737 3168 933 3227 Bentleionae
952 3169 1058 3239 adieci,

57 3269 139 3328 unde
158 3270 245 3343 quasi
263 3284 322 3326 uua
341 3276 495 3339 conspectu
515 3270 642 3325 eluceret
661 3273 785 3339 quantas
805 3268 884 3324 intra
903 3273 1017 3324 centum
1032 3276 1060 3324 ct

57 3368 183 3438 tripinla
214 3379 308 3422 annos
333 3364 419 3421 crisis
448 3361 626 3420 Terentiana
652 3365 698 3419 uel
721 3367 792 3434 post
815 3362 918 3432 mapni
943 3361 1060 3420 Bentlei

58 3466 228 3537 exemplum
255 3460 398 3533 effecisset
416 3476 584 3535 processus.
617 3462 725 3521 seclusi
750 3459 825 3521 inde
856 3474 976 3519 omnem
1008 3473 1077 3515 eam
