2386 3810
114 164 178 226 24⁰

403 160 603 222 ruououvs
628 160 823 222 nnuman
1115 167 1136 253 Ιε

198 329 427 389 Deterruissem
444 325 555 407 sicile,
575 346 616 388 ne
632 327 707 389 alias
723 331 887 390 scriberet.

196 427 284 486 Nunc
300 426 373 504 quid
389 433 510 506 petam,
531 444 600 485 mea
614 429 705 487 caira
722 447 821 507 aequo
837 427 940 488 animo
957 425 1102 491 attendite.
1118 402 1133 515 d

198 524 353 603 Hecyram
367 523 407 583 id
421 542 477 583 uua
492 524 616 603 refero,
639 529 729 603 quim
744 526 820 584 mihi
837 544 896 606 per
911 524 1069 587 silentium
1121 520 1135 623 i}

198 623 368 700 Numquam
389 626 482 699 igere
502 618 668 681 licitumst.
699 624 744 682 ita
768 641 835 682 eam
861 624 1020 703 oppressit
1041 574 1138 689 etia-'i

566 721 665 781 mitra.
1080 733 1107 786 tt

198 818 275 877 Eam
292 815 497 877 cilamitatem
511 819 618 877 udatra
631 815 849 896 intellegentia
1126 816 1130 821 ’

199 914 343 992 Sedibit,
366 916 392 974 ri
408 916 470 974 erit
485 913 619 973 adiutrix
633 921 759 973 nostrae
771 913 956 977 industriae.

198 1013 298 1086 Quom
313 1013 444 1089 primum
459 1029 526 1071 eam
543 1028 636 1088 agere
651 1012 758 1090 coepi,
777 1009 917 1091 pugilum
932 1010 1044 1093 gliriu,

200 1106 395 1184 [Funtmbuii
411 1107 522 1167 eodem
536 1107 667 1168 accensit
683 1110 870 1188 expectttio}

200 1207 355 1265 Comitium
370 1214 559 1283 conuentus,
581 1205 746 1284 strepitur,
769 1203 887 1268 clamor
900 1205 1067 1270 mulierum
1082 1219 1108 1274 ii

198 1305 319 1365 Fecere
335 1310 370 1362 ut
386 1310 456 1362 aute
472 1306 594 1382 tempus
611 1305 727 1363 exirem
745 1303 840 1364 faras.

198 1404 317 1465 Vetere
333 1404 365 1460 iu
380 1421 460 1460 noua
478 1403 568 1479 coepi
584 1401 630 1461 uti
647 1401 881 1481 conruetr'udine,

198 1501 232 1560 ln
248 1498 436 1579 experiundo
452 1505 486 1557 ut
502 1500 618 1557 essem:
639 1498 746 1558 resero
764 1498 875 1563 denuo.

199 1597 304 1656 Primo
322 1599 392 1655 actu
408 1593 534 1674 placeo:
558 1613 648 1672 quom
664 1598 786 1656 interea
801 1599 907 1657 rumdr
926 1599 1015 1659 uenit

199 1695 309 1754 Datum
326 1694 365 1752 iri
379 1693 582 1771 gladiatdres‚
601 1693 732 1773 populus
750 1693 904 1774 ednuolat
1080 1706 1107 1760 iu

200 1791 442 1851 'l‘umuiltnantur
463 1790 595 1850 climart
613 1798 751 1870 pugnant
765 1790 805 1851 de'
818 1790 907 1852 lucu:

199 1890 265 1966 Ego
282 1890 405 1947 interea
419 1906 520 1948 meum
536 1907 597 1947 uon
613 1888 700 1966 pdtui
714 1891 810 1947 tutari
824 1886 939 1950 locum.

199 1985 288 2057 Nunc
303 1986 394 2042 turba
408 2003 469 2042 uon
486 1990 550 2044 est:
571 1986 666 2044 dtium
682 1991 715 2043 et
728 1984 885 2044 silentium
902 1995 967 2047 ert:
1029 2032 1037 2039 -

199 2080 321 2159 Agendi
336 2088 457 2158 tempus
472 2083 546 2140 mssri
562 2081 711 2140 datumst:
730 2083 817 2141 uobis
833 2080 924 2142 datur

199 2179 341 2238 Pote'staa
361 2176 701 2238 condeunrtndi·iudos
719 2180 885 2238 scaenicos.
1076 2191 1100 2245 it

198 2277 301 2338 Nolite
316 2277 419 2335 ninere
435 2277 492 2354 per
507 2295 562 2335 uos
579 2284 677 2336 artem
693 2277 838 2337 musicam
1125 2274 1128 2279 ’

199 2373 353 2435 Recidere
370 2371 409 2432 ad
423 2393 552 2452 paucus:
573 2373 666 2433 iicite
681 2381 716 2432 ut
730 2381 837 2433 uostra
853 2377 1023 2437 uuetdritaa
1128 2370 1133 2375 ¹

198 2474 291 2535 Meae
307 2473 483 2531 auctdritati
497 2471 612 2531 fautrix
627 2471 820 2551 adiutrixque
836 2475 886 2533 ait

199 2573 245 2653 [Si
261 2575 424 2650 nimquam
441 2589 533 2631 auare
547 2572 680 2651 pretium
697 2571 790 2629 statui
805 2575 864 2630 arti
878 2590 967 2633 meae

198 2673 240 2733 Et
252 2690 320 2730 eum
335 2673 402 2731 esse
415 2680 574 2750 quaestum
584 2671 616 2729 in
628 2671 760 2730 a'nimum
774 2667 881 2729 induxi
892 2674 1099 2751 minumumti
1122 2680 1125 2689 '

200 2771 295 2846 Quam
311 2773 450 2828 minume
465 2771 585 2828 seruire
599 2769 713 2828 uostris
729 2766 897 2827 cimmodi
904 2769 925 2849 :J

200 2869 299 2928 Sinite
315 2871 473 2947 inpetrare
488 2869 553 2945 me,
576 2867 675 2945 quiin
690 2865 820 2927 tutelim
833 2886 933 2928 meam

200 2965 341 3025 Studium
358 2985 444 3025 auom
460 2971 493 3023 et
508 2983 542 3024 ae
556 2965 589 3023 iu
604 2966 741 3024 udatram
756 2966 908 3025 commisit
921 2964 1026 3044 iidem,

198 3064 244 3123 Ne
262 3082 332 3122 eum
347 3067 590 3123 circumuentum
605 3063 711 3140 inique
726 3063 825 3141 iniqui
839 3060 1004 3121 inrideant.

197 3163 270 3222 Mea
286 3166 377 3222 carisa
393 3181 511 3222 caueam
528 3162 660 3240 aecipite
676 3168 709 3220 et
724 3160 796 3221 date
810 3160 978 3240 silentium,
1073 3164 1097 3219 tt
1120 3194 1124 3201 ·

198 3262 241 3323 vt
255 3261 361 3321 lubeat
378 3263 516 3321 scribere
532 3258 600 3319 iliis
616 3261 754 3338 mihique
771 3267 805 3319 ut
820 3259 941 3320 discere
1130 3310 1133 3317 .

198 3359 300 3418 Nouia
316 3357 460 3439 expediat
473 3360 600 3439 pdsthau
614 3359 716 3439 pretio
736 3361 852 3438 emptis
866 3376 945 3421 meo.
1128 3364 1135 3441 i

511 3465 714 3477 m

682 3669 699 3705 Q
