2386 3810
179 155 240 222 156
433 152 621 215 HEAVTON
644 152 939 217 TlilORVlillNOS.
994 160 1038 213 lv
1046 164 1060 215 1

261 324 418 418 inperium
434 339 544 415 exequi
557 334 721 414 uoluisses,
737 340 961 419 interemptam
976 344 1065 420 updrt

262 436 331 496 Ndu
346 435 491 496 simulare
505 437 636 494 mdrtem
648 436 764 512 uerbis,
779 452 816 493 re
828 438 895 514 ipsa
907 455 997 516 spem
1009 439 1065 513 uia

265 517 306 595 it
320 534 354 594 id
369 535 493 603 omitto:
515 532 739 610 misericordia,
755 534 874 593 luimus
889 537 1065 597 maternus:

138 641 164 683 ²⁶
264 634 360 709 Qudm
375 634 457 725 bene
474 650 549 691 uero
565 632 619 690 abs
634 632 667 690 td
684 637 927 711 prospectumst,
950 632 1065 712 quo'du

636 731 751 807 edgita:

261 829 380 908 Nempe
396 830 467 888 anui
480 827 528 888 illi
544 827 666 908 prddita
682 829 735 887 abs
750 834 783 887 te
798 826 897 888 filiast
910 827 1065 909 planissm

263 926 324 987 Per
342 934 374 987 te
392 926 444 988 uel
458 929 504 987 uti
520 931 678 1006 quac'stum
696 928 817 986 iaceret
838 925 890 987 uel
912 931 960 988 uti
978 931 1065 990 uaeni

634 1025 705 1085 lam.

262 1119 376 1200 credo,
408 1120 441 1180 id
468 1125 624 1201 cogitasti:
657 1120 792 1202 ‘quiduis
814 1125 889 1184 altis
916 1132 982 1204 est,
1011 1123 1065 1186 dua

635 1222 748 1282 modo.'

261 1316 342 1392 Quid
362 1338 430 1379 cum
447 1317 511 1379 illis
526 1325 613 1398 agis,
637 1323 689 1399 qui
706 1338 808 1400 neque
825 1321 873 1380 ius
888 1323 994 1402 neque
1011 1325 1065 1384 bct

631 1437 691 1495 quc
707 1421 836 1498 aequdm
851 1419 978 1480 sciunt?

134 1527 160 1569 au
216 1590 218 1593 Ι
259 1514 375 1576 Melius
389 1516 489 1596 peius,
503 1518 603 1595 prdsit
618 1518 710 1593 obsit,
728 1515 774 1575 nil
791 1515 900 1576 uident
915 1519 978 1578 nisi
992 1519 1065 1598 qudt‘

175 1612 225 1674 Sc.
255 1614 302 1674 Mi
319 1614 485 1691 Chremes,
511 1615 654 1694 pectini,
681 1614 800 1674 fateor:
826 1619 944 1676 uincor.
977 1635 1060 1678 nuuc

500 1711 502 1715 ’
631 1712 771 1789 dbsecro,

260 1810 388 1883 Qudndo
416 1815 486 1870 tuos
516 1817 564 1870 est
592 1812 708 1870 inimus
736 1818 811 1871 natu
842 1813 985 1892 grauior,
1022 1816 1065 1894 igi

629 1909 701 1984 tior,

258 1987 300 2061 ist
315 2021 401 2061 meae
418 2003 570 2065 stultitiae
583 2009 614 2065 in
626 2007 742 2066 iustitia
760 2011 813 2066 tud
830 2007 872 2066 sit
888 2004 1011 2087 aliquid
1024 2028 1065 2090 pu

173 2099 232 2160 Cu.
261 2097 389 2158 Scilicet
418 2100 563 2178 equidem
590 2106 669 2164 istuc
702 2103 817 2164 factum
846 2102 1035 2183 igudscamt'
1063 2127 1065 2135 ·

630 2202 779 2279 Sdstrata,

131 2313 157 2354 ³5
255 2294 339 2354 Malle
363 2294 455 2356 docet
474 2302 507 2358 te
527 2301 595 2360 mea
615 2299 747 2360 facilitas
771 2298 875 2361 multa.
905 2299 966 2361 sed
989 2303 1065 2362 istuc

627 2394 702 2475 quid
722 2403 781 2475 cst,

255 2490 321 2567 Qua
334 2491 394 2551 hoc
410 2500 601 2573 occeptumst
616 2496 716 2572 caiisa,
731 2495 871 2575 loquere.
898 2495 951 2556 So.
965 2497 1011 2558 Vt
1022 2500 1065 2561 sti

628 2593 760 2652 miserae
776 2595 882 2653 omuds
899 2611 1007 2654 sumus

254 2689 449 2771 Religiosae‚
487 2712 576 2771 quom
606 2691 818 2772 exponendam
846 2689 978 2771 duilli,
1015 2692 1055 2755 da

625 2788 750 2851 dnulum

252 2885 390 2947 Ddtraho
410 2897 531 2947 etcum
553 2886 622 2947 dic'o
642 2894 678 2947 ut
697 2909 756 2948 uua
778 2890 847 2948 cuim
868 2887 977 2969 puella
995 2908 1065 2972 expe

252 2982 286 3040 Si
307 2990 491 3062 moreretur,
512 3003 552 3044 ne
565 2986 675 3065 expers
688 2987 784 3067 partis
797 2988 882 3046 esset
896 2983 937 3047 de
948 2992 1065 3051 uostris

128 3095 154 3136 au
168 3076 225 3139 Gn.
254 3063 337 3139 istuc
358 3088 461 3142 recte:
489 3087 678 3143 cduseruasti
701 3093 732 3144 te
755 3089 847 3162 itque
867 3082 966 3144 illam.
1003 3085 1054 3147 Sc.

625 3189 673 3241 est
693 3181 810 3241 anulus.

167 3272 226 3335 cm
255 3259 348 3335 l'nde
367 3278 485 3339 habes?
506 3277 557 3338 So.
572 3279 668 3354 Quam
685 3280 814 3339 Bdcchia
835 3298 942 3340 secum
957 3279 1065 3344 adduxi

622 3375 837 3450 lesceutulam,
859 3377 913 3440 Su.
928 3380 1024 3452 Hem,
