2386 3810
153 166 217 231 000
562 166 769 226 0000000.
958 169 1142 228 mss-e
1178 142 1183 163 ’“

237 346 331 408 Dedit
346 355 510 429 praeterea
526 350 558 407 in
575 352 728 428 srimptum
744 347 903 408 dimidirim
918 349 1037 410 minae:
1101 358 1143 415 370

236 446 271 508 td
287 446 485 507 distributum
501 451 604 507 stnest
618 466 656 507 ex
671 449 835 507 sententia.
856 448 912 507 Dn.
929 447 1022 525 Hem,

236 545 319 605 Huic
334 544 477 622 miudes,
499 544 601 622 siquid
615 545 702 604 recte
718 546 855 604 curetiim
871 544 960 608 nelis.
1166 614 1169 619 y

152 643 205 705 Sr.
237 645 336 703 Ehem
357 644 489 720 Demea,
509 641 591 702 hsud
605 643 783 722 aspexeram
799 647 847 701 te:
871 641 945 720 quid
963 642 1085 720 egitur?
1181 710 1185 715 ,

114 741 210 803 00110.
240 739 321 821 Quid
335 741 464 819 agitur?
486 748 621 799 nostram
637 741 758 817 nequeo
775 740 881 798 mirari
898 740 972 798 setis

237 841 408 901 Retidnem.
431 840 482 900 Sr.
498 840 556 899 Est
569 837 677 899 hercle
691 840 815 918 inepte,
834 856 875 896 ne
890 836 990 898 dicim
1006 837 1087 917 dolo,
1103 848 1145 904 370
1186 870 1189 925 3

237 937 389 998 Absrirde.
411 939 505 1017 piscis
521 938 642 996 ceteros
657 940 769 1016 purgit,
789 936 920 995 Dromo:
1185 956 1189 971 ·

237 1037 392 1113 Congrum
407 1039 496 1094 istum
512 1056 682 1095 maxumum
698 1039 728 1094 10
746 1053 824 1114 eque
838 1035 932 1094 sinito
947 1032 1061 1095 lsidere

237 1133 420 1212 Tantisper:
442 1135 494 1194 nbi
510 1153 568 1211 ego
582 1134 722 1210 rediero,
743 1133 950 1193 exosstbitur:

236 1231 327 1291 Prius
341 1228 424 1290 0010.
440 1232 497 1292 110.
509 1231 628 1291 Haecin
643 1230 773 1309 flagitis!
795 1228 847 1290 Sr.
860 1229 942 1290 Mihi
956 1230 1081 1309 quidem
1094 1231 1145 1292 1001

601 1331 735 1409 placent,
1141 1358 1144 1365 ⁴

235 1431 277 1491 Et
294 1429 391 1491 010000
408 1449 508 1509 saepe.
531 1427 715 1487 stlssmenta
729 1429 822 1507 hren,
844 1425 1026 1506 stephanio,
1104 1438 1145 1493 380

236 1528 299 1588 Fae
315 1532 510 1587 miserentur
524 1525 665 1606 prilchre.
687 1527 745 1586 ns.
760 1526 800 1586 Di
815 1529 952 1586 nostrdm
968 1524 1075 1605 fidem,

236 1627 348 1687 Vtrrim
364 1627 507 1686 studione
521 1624 555 1685 id
569 1626 629 1686 sibi
645 1624 740 1683 habet
755 1644 793 1683 00
809 1622 895 1684 laudi
908 1629 1000 1705 putat

234 1723 333 1800 Fore,
356 1727 382 1782 rt
395 1722 572 1803 perdiderit
586 1722 730 1801 gnitum?
750 1740 808 1782 use
822 1724 935 1782 miserti
949 1725 1035 1787 mihi.

235 1819 353 1880 Videre
369 1820 478 1880 uideor
493 1822 552 1880 iim
569 1818 651 1880 diem
666 1818 772 1898 illum,
795 1839 886 1898 quom
900 1819 973 1878 hinc
990 1839 1085 1899 egens

236 1917 399 1995 Profrigiet
414 1916 517 1996 aliquo
533 1915 705 1976 militatum.
727 1917 778 1977 Sr.
796 1916 823 1975 0
837 1916 962 1992 Demea,
1104 1927 1146 1982 330

236 2013 317 2072 istrie
332 2020 380 2072 est
396 2032 522 2093 sapere,
544 2018 605 2075 ndn
621 2013 704 2094 qnod
718 2011 898 2093 antepedes
913 2012 1040 2074 modost

238 2110 371 2188 Videre,
392 2111 448 2171 sed
465 2115 557 2173 etiem
574 2112 630 2172 illa
645 2133 722 2191 qnae
739 2113 844 2172 10οι100
859 2119 931 2171 sunt

236 2208 428 2288 Prospieere.
457 2210 513 2270 Dr.
536 2208 639 2284 Quid?
664 2211 761 2270 istaec
786 2211 846 2270 itm
870 2227 968 2288 penes
995 2229 1053 2271 nos
1078 2207 1146 2291 psti-

599 2308 713 2366 triest‘.1

196 2451 203 2463 .
234 2401 335 2462 Ellam
349 2406 442 2464 intus.
461 2406 518 2465 Dr.
529 2404 608 2481 Eho,
629 2424 666 2463 00
684 2403 797 2465 domist
810 2407 995 2468 habiturus?
1018 2408 1147 2470 Secre-

600 2500 657 2579 do,
680 2511 714 2562 nt
730 2511 778 2563 est

236 2597 407 2659 Dementia.
429 2601 486 2658 Dr.
501 2600 620 2659 Haecin
635 2599 722 2659 fieri!
743 2601 795 2660 Sr.
812 2601 919 2680 Inepte
934 2599 1049 2664 leniter
1104 2612 1147 2667 39⁰

235 2695 337 2755 Patris
352 2699 385 2757 et
399 2697 529 2758 facilites
543 2702 646 2777 prdne.
668 2699 724 2760 Dn.
739 2699 859 2760 Fratris
874 2702 924 2758 me
939 2700 1066 2779 quidem

235 2791 337 2853 Pudet
351 2796 507 2875 pigetque.
529 2796 582 2856 Sr.
596 2797 729 2856 Nimium
742 2798 826 2857 inter
840 2817 912 2876 uos,
931 2798 1058 2878 nemea,

235 2889 321 2970 (Non
336 2895 405 2970 quin
426 2892 499 2952 sdes
515 2912 662 2973 praesens
678 2893 746 2953 dico
768 2895 844 2973 hoe)
864 2897 1052 2976 pernimium
1072 2901 1147 2959 inter

603 2999 661 3051 est.

234 3083 301 3162 Tu,
324 3090 454 3164 quintus
470 3089 626 3167 qnantu's,
649 3086 694 3148 nil
711 3091 769 3148 nisi
784 3091 936 3170 sapientia
951 3110 997 3171 es,

232 3179 290 3240 Ille
305 3183 462 3246 sdmninm.
485 3205 558 3246 0000
572 3191 692 3247 sineres
709 3206 785 3247 nero
799 3187 887 3249 illr'nn
903 3196 989 3250 tuom
1104 3204 1146 3259 390

231 3278 351 3340 Facere
368 3281 467 3342 haece
494 3284 549 3346 Ds.
565 3285 706 3345 Sinerem
727 3285 839 3345 illumi
864 3292 916 3347 aut
929 3289 994 3348 000
1009 3308 1066 3351 sex
1081 3291 1148 3353 totis

601 3384 757 3443 mensibus
