2386 3810
117 133 181 198 186
531 132 709 197 Filomini).
960 123 1045 191 125-

93 317 177 378 nllu.
203 317 391 376 Praesertim
407 324 439 375 ut
454 334 534 374 nune
546 323 616 374 sunt
630 317 749 374 mites:
769 312 847 373 adeo
860 313 912 373 ree
926 312 1020 374 redit:

203 414 305 492 Siquis
322 413 396 491 quid
412 412 526 490 reddit,
546 416 652 490 migne
666 409 837 471 habendest
852 408 963 489 guilla.

203 511 266 572 Sed
278 511 352 590 quid
363 518 396 572 tn
408 531 442 571 en
454 511 576 570 tristis?
589 496 784 588 Gnllgonel
795 511 897 570 uesci·
908 528 968 588 qun
979 513 1045 568 ium«

203 610 322 686 Quanto
335 613 365 668 in
377 607 496 689 pericle
505 612 606 667 simus.
618 607 675 667 Du.
686 606 767 683 Quid
777 608 857 666 istun
869 607 941 666 eet?
952 605 1045 668 (inse

202 706 298 767 Modo
315 709 349 767 uit
364 715 468 766 tacere
482 706 590 786 pinnis.
613 705 671 764 ΒΑ.
685 706 744 765 Abi
759 707 812 782 nin,
830 704 980 763 insciensz

202 804 318 880 Quoius
333 805 367 863 ti
381 803 474 864 fidem
487 805 519 862 in
534 804 664 883 pecunia
677 802 886 881 perspexeris,

202 900 323 961 Verere
336 902 433 960 uerba
448 901 476 960 ei
495 897 647 959 credere?
664 899 717 958 ubi
732 895 807 976 quid
820 898 895 957 mihi
909 895 1018 957 luerint

203 997 250 1055 Te
264 995 400 1057 fullerei
418 998 475 1058 Gn.
487 998 569 1076 Ergo
582 997 727 1056 uuseiltu.
750 995 807 1054 Du.
821 994 910 1054 Hunc
923 1013 1039 1074 operum

574 1092 652 1152 dieo.

169 1234 175 1248 .
200 1189 289 1249 Senis
302 1191 411 1267 nestri,
426 1190 521 1268 Daue,
536 1192 664 1250 frittem
679 1190 825 1249 maiorem
837 1189 1003 1248 Chremem

200 1285 330 1347 Nostin?
350 1286 406 1347 De.
427 1286 576 1365 Quidni?
602 1289 659 1347 Gn.
672 1285 774 1364 Quid?
796 1286 861 1344 eius
879 1293 1001 1362 gnatum
1013 1283 1045 1342 Pi

570 1383 690 1442 driam‘i

167 1527 172 1540 .
201 1481 278 1541 'l'um
295 1483 439 1560 quinte.
463 1482 519 1542 Ge.
536 1483 650 1540 Euenit
664 1481 788 1539 senibus
803 1480 951 1540 ambobus
966 1476 1045 1538 timul

200 1579 263 1638 lter
274 1576 321 1638 illi
337 1581 369 1639 in
382 1581 530 1640 Lemnum
546 1586 579 1639 ut
595 1583 688 1656 esset,
704 1584 810 1638 nostro
824 1579 856 1637 iu
869 1575 1008 1638 Ciliciam

200 1677 250 1737 Ad
264 1677 417 1758 hispitem
432 1679 601 1757 antiquom:
624 1681 650 1736 is
665 1695 770 1735 senem
783 1694 840 1754 per
856 1674 1003 1754 epistulas

199 1773 344 1853 Pellenen,
365 1775 455 1835 modo
471 1796 533 1837 nnn
546 1776 658 1837 mentis
672 1774 738 1834 nuri
753 1773 915 1854 pilliceue.

166 1919 172 1931 .
202 1872 281 1950 Quoi
297 1875 381 1931 tinia
397 1877 463 1931 erat
478 1891 529 1932 res
544 1875 576 1932 e't
591 1891 683 1951 nuper
699 1873 788 1931 erut?
808 1870 865 1931 Gn.
880 1872 1020 1931 Desinunt

200 1968 251 2028 Sic
266 1968 314 2027 est
329 1970 493 2046 ingenium.
512 1971 571 2035 DA.
583 1971 640 2049 011,
658 1973 763 2050 regem
774 1990 823 2031 me
835 1989 904 2031 esse
918 1973 1045 2051 opiriuit

167 2112 174 2126 .
197 2066 358 2124 Abeuntes
371 2066 457 2125 ambo
470 2067 541 2126 hine
556 2069 621 2127 tim
636 2087 727 2128 senes
741 2086 790 2127 me
804 2066 882 2127 filiis

199 2160 389 2240 Relinquunt
404 2165 489 2240 quusi
503 2166 688 2242 magistrum.
710 2165 768 2224 Du.
781 2164 807 2223 0
820 2164 910 2242 Geta,
924 2169 1045 2247 prouine

201 2260 318 2339 Cepisti
334 2260 448 2321 durum.
473 2264 528 2322 Gn.
542 2264 588 2322 Mi
604 2264 674 2322 iisne
691 2265 787 2340 uenit,
804 2263 962 2325 hiennio:

199 2356 330 2417 Memini
343 2358 477 2438 relinqui
495 2363 545 2420 me
563 2360 622 2421 den
640 2363 719 2421 irati
735 2381 814 2421 meo.

199 2452 295 2533 Coepi
313 2453 470 2515 iduorsari
488 2461 602 2537 primo:
623 2457 697 2537 quid
715 2460 818 2518 uerbis
835 2461 953 2538 opust?

198 2551 272 2611 Seni
289 2551 391 2614 fidelis
410 2554 481 2615 dium
500 2575 575 2633 sum,
594 2554 733 2636 scapulas
749 2554 882 2636 perdidi.

197 2649 321 2710 Venere
336 2652 368 2709 in
384 2661 518 2712 mentem
533 2653 575 2711 mi
593 2656 702 2712 istaec:
724 2652 805 2712 ‘nem
821 2670 900 2731 quae
911 2654 1045 2714 inscitius¹

198 2745 371 2807 Aduersum
391 2748 546 2808 stimulum
567 2749 693 2811 eileesl'
716 2751 804 2830 coepi
821 2752 866 2811 eis
884 2753 987 2812 emnia

197 2842 324 2922 Fecere,
343 2847 470 2923 ‹ibsequi
490 2865 567 2924 qnae
584 2845 713 2906 uellent.
735 2848 793 2911 Du.
806 2847 900 2907 Scisti
913 2851 962 2908 uti
971 2850 1044 2910 fore.

165 2983 171 2995 .
197 2936 311 2999 Noster
325 2939 396 3002 muli
410 2939 456 3000 nil
471 2945 632 3020 quicquum
646 2944 761 3022 primo:
780 2945 833 3002 hie
847 2943 1003 3006 Phaedria

198 3034 349 3095 Continuo
368 3037 517 3116 quendum
534 3043 641 3099 nictus
657 3047 706 3100 est
722 3038 888 3120 puellulam

197 3131 439 3196 citharistrium:
460 3138 538 3195 hune
558 3143 660 3197 umine
678 3140 781 3216 eoepit
797 3137 931 3218 perdite.

196 3229 242 3289 Ee
256 3232 412 3293 seruiebat
428 3232 534 3292 lenoni
550 3235 770 3313 inpurissumo:

196 3327 304 3405 Neque
320 3329 402 3406 quid
418 3331 544 3391 duretur
560 3335 735 3412 quicquum:
753 3331 785 3391 id
801 3339 947 3394 curui-int
960 3346 1045 3416 putre
