2386 3810
50 184 218 239 naa-aa
423 180 706 244 uvuvuuvs.
916 167 918 172 '
1025 185 1067 244 uu

53 356 118 417 Tu.
142 355 190 416 Ne
207 354 312 414 ardeia
331 359 363 412 te
386 354 532 424 obsecro,
555 351 733 428 animabat,
759 354 798 410 mi
818 351 980 412 Phaedria.
1031 360 1065 415 95
1084 366 1110 407 ta

142 453 211 513 Nun
238 450 309 533 pail,
340 470 399 529 quo
422 469 603 528 quemquam
629 448 699 529 pitis
728 468 824 509 amem
852 458 903 509 aut
924 449 996 530 pius
1019 449 1066 507 di·

513 546 616 624 ligam,

141 647 189 707 Eu
207 647 285 706 feei:
307 644 362 705 aed
384 647 427 704 ita
447 650 514 705 erat
538 663 606 720 rea,
630 643 805 703 faciundaim
826 645 894 707 fuit.

55 744 114 805 Pa.
145 741 266 821 Credo,
300 746 336 803 ait
362 744 418 820 fit,
450 744 563 802 misera
590 744 667 821 prae'
694 761 798 802 amore
826 743 956 804 exclusti
983 744 1065 805 hiine

513 842 605 900 saraa.

54 939 118 1000 Tu.
144 939 249 999 Sicine
269 942 349 1017 agis,
369 939 542 998 Parmeno?
562 941 635 1016 dge:
657 939 711 1000 sed
733 939 792 996 hue
815 957 873 1016 qua
891 941 989 1016 gratia

144 1036 192 1096 'l'e
220 1037 335 1096 aree'asi
361 1037 453 1114 iussi,
487 1034 633 1098 ausculta.
688 1037 745 1096 Pa.
776 1036 856 1096 Fiat.
914 1037 975 1099 Tu.
1008 1037 1065 1100 Die
1083 1053 1111 1094 πο

517 1137 592 1194 mibi
1013 1149 1066 1201 luo

144 1232 211 1292 Hoc
240 1235 388 1312 primum,
418 1233 505 1312 potin
534 1242 581 1292 est
606 1234 657 1292 hie
686 1235 812 1294 tacere?
855 1236 912 1295 Pa.
934 1216 1073 1313 Egone?

519 1333 652 1409 dptume.
844 1400 847 1405 ¹

143 1428 260 1490 Verum'
278 1429 356 1488 heda
375 1434 426 1503 tu,
446 1429 504 1487 hac
527 1426 596 1506 lege
619 1429 674 1487 tibi
692 1447 787 1487 meam
805 1430 941 1506 astringet
957 1427 1063 1488 iidem:

143 1525 228 1601 Quae
250 1527 325 1585 uera
344 1524 463 1601 audiui,
485 1529 573 1584 taceo
596 1532 629 1583 et
650 1528 793 1585 contineo
816 1529 953 1604 dptume:

143 1623 198 1683 sin
225 1622 338 1684 iilsum
360 1633 412 1684 aut
435 1643 543 1682 uanum
567 1630 619 1682 aut
642 1624 816 1700 fiuctumat,
845 1627 989 1685 coutinud
1012 1647 1066 1706 pa·

515 1720 621 1779 lamst:

143 1815 260 1878 Plemia
281 1819 426 1879 rimarum
448 1838 532 1893 sum,
558 1819 616 1876 bic
636 1822 728 1896 atque
750 1817 821 1878 illae
843 1822 974 1900 perfluo.
1014 1831 1064 1883 105
1082 1841 1109 1880 aa

143 1916 240 1977 Pruiu
260 1920 312 1993 tu,
334 1922 441 1977 tacere
462 1921 488 1976 si
509 1919 572 1993 uia,
595 1936 669 1976 uera
689 1917 793 1978 dicito.

54 2015 121 2076 Tu.
146 2014 247 2074 Samii
268 2016 343 2074 mihi
364 2025 463 2076 mater
483 2017 557 2074 tuit:
580 2035 616 2074 ea
638 2016 795 2075 habitabat
816 2015 927 2075 Rhodi.

55 2112 116 2173 Pa.
146 2110 255 2172 Potest
276 2115 373 2172 taceri
395 2114 464 2172 huc.
509 2113 570 2172 Tu.
598 2098 642 2172 l'bi
665 2122 728 2171 tum
754 2114 843 2172 matri
864 2111 1023 2192 paruulum

145 2208 285 2270 Puellam
307 2209 388 2270 douo
411 2210 532 2289 quidam
555 2213 708 2269 mereatdr
729 2210 816 2268 dedit

144 2309 190 2369 Ex
207 2292 310 2368 dttica
329 2310 402 2370 hine
419 2311 585 2388 abreptam.
630 2309 685 2369 Pu.
713 2309 883 2368 Ciuemne‘i
927 2308 986 2367 Ta.
1007 2290 1067 2367 Ᾰτ-
1084 2322 1111 2364 30

519 2409 633 2465 bitror:
984 2409 989 2420 ’
1015 2415 1066 2466 110

144 2505 274 2565 Gertaim
295 2524 357 2564 nun
379 2505 506 2564 seimus:
535 2505 640 2563 matris
661 2522 771 2562 numen
793 2506 824 2563 et
842 2505 939 2583 patris
1161 2505 1165 2510 ’

145 2603 274 2663 Dicebat
296 2605 377 2684 ipsa:
400 2605 529 2683 pa'triam
552 2613 585 2662 et
606 2604 691 2679 signa
713 2604 817 2660 ce'tera
943 2676 945 2681 ,

144 2701 252 2780 Neque
281 2704 379 2761 sci-bat
401 2720 502 2779 neque
528 2720 584 2780 per
611 2703 741 2758 aetatem
764 2701 856 2758 etiam
881 2699 961 2777 pdtt's
988 2703 1065 2756 erat.

145 2801 305 2859 Mereatur
326 2801 386 2859 hoe
409 2800 554 2859 addebat:
583 2818 601 2859 e
623 2797 839 2877 prauddnibus‚

145 2895 237 2961 Vnde
261 2899 394 2975 emerat,
414 2917 447 2957 ae
470 2897 590 2956 audisse
612 2899 769 2975 abreptam
793 2914 810 2954 e
833 2895 938 2954 sunto.
1016 2904 1065 2956 115
1083 2918 1109 2958 aa

145 2996 250 3057 Mater
271 2997 323 3056 ubi
342 3000 478 3077 aceepit,
501 2997 605 3074 eoepit
624 2996 760 3054 studiose
783 2997 881 3054 (bunia

145 3095 285 3170 Docere,
306 3095 455 3172 educere,
480 3098 521 3154 ita
543 3096 587 3153 uti
608 3097 632 3152 ai
656 3104 740 3153 esset
762 3093 836 3152 iilia.

145 3191 292 3254 sorerem
313 3192 457 3273 plerique
476 3195 545 3252 esse
566 3193 735 3253 credebaut
755 3211 860 3251 meam.

146 3289 213 3370 Ego
245 3310 314 3352 cum
346 3290 418 3371 illu,
450 3310 579 3371 quocum
609 3298 673 3349 tum
706 3292 765 3348 uno
797 3309 863 3348 rem
890 3288 1040 3347 habebam

517 3389 652 3467 inbuite,
