2386 3810
162 164 226 229 244
582 166 748 228 HEGYRA.
995 172 1037 227 12
1049 174 1146 229 m-oa
1168 171 1191 269 {J

73 332 77 339 ¹
163 349 219 411 ΡΛ.
245 348 349 409 Credo
365 353 408 411 tta
422 351 524 411 uideri
541 352 614 410 tibi:
634 370 703 409 num
718 368 808 411 nemo
826 349 865 411 ud
878 353 912 411 td
926 350 1016 413 uenit

247 449 314 509 Nisi
329 449 456 529 eripiens
470 450 531 508 tui:
550 446 605 508 ille
620 449 734 507 inuitus
748 446 834 508 illam
849 448 989 509 dixerat.

161 547 220 610 Pn.
249 546 330 627 Quid
346 547 531 609 deindefit‘i
553 544 609 607 Pa.
624 547 742 606 Didbus
760 564 834 606 sane
850 546 991 627 pudoulls
1169 610 1182 631 Γ

245 647 322 705 Post
336 642 514 726 Pimphilus
530 662 578 704 me
595 643 692 703 solum
709 643 830 704 seducit
844 644 929 705 foras
1171 643 1191 752 3i

123 756 150 796 ⁷⁰
246 744 435 824 Narrttque,
457 751 491 803 ut
504 744 592 821 uirgo
607 742 644 802 ab
659 743 827 820 reintegra
843 744 935 804 etiam
949 746 1019 806 tium
1031 746 1099 825 siet,
1112 754 1152 811 uo
1176 741 1191 825 ’ql

248 841 351 923 Seque
366 849 438 904 tate
454 863 543 922 quam
559 861 624 902 eam
640 844 765 901 uxorem
782 840 918 902 duxisstt
934 842 1060 906 domum
1180 828 1187 837 '¹

248 938 398 1020 Spertsse
414 960 466 1001 eas
483 938 620 1000 tolortre
635 958 728 1019 posse
742 940 875 1019 nuptias.

247 1036 322 1096 ‘Sed
337 1042 427 1118 qntm
442 1037 597 1099 decrerim
611 1039 662 1097 md
677 1056 739 1096 non
753 1056 845 1117 posse
859 1037 976 1101 diuum

244 1138 386 1217 Habtre,
408 1158 474 1198 earn
487 1138 621 1198 ludibrio
637 1139 762 1216 haberi,
783 1138 947 1217 Ptrmeno,

122 1245 149 1288 11
247 1237 327 1315 Quin
343 1239 493 1316 integrum
508 1236 618 1297 itidem
634 1235 779 1314 reddam,
799 1244 834 1296 nt
849 1239 954 1318 accepi
971 1241 1008 1298 th
1027 1241 1102 1318 mis,
1116 1252 1156 1305 151
1180 1259 1181 1262 ’

244 1335 354 1414 Neque
369 1337 532 1396 hondstum
549 1336 624 1394 mihi
642 1354 744 1413 neque
761 1333 837 1395 dtile
852 1336 912 1415 ipsi
927 1337 1096 1415 uirginist?

160 1433 220 1494 Pu.
246 1433 336 1494 Pium
353 1433 545 1514 inpudicum
560 1433 717 1510 ingenium
733 1453 840 1493 narras
856 1434 1020 1514 Pamphili.

160 1532 217 1592 Pa,
246 1518 561 1613 ‘Hoo'egoproferre
578 1531 802 1591 incommodum
820 1534 861 1591 mi
876 1551 945 1593 esse
960 1536 1112 1596 trbitror:
1176 1542 1179 1547 '

245 1629 347 1689 Reddi
363 1632 444 1709 patri
461 1636 578 1707 autem,
604 1632 675 1708 quoi
690 1636 725 1688 tu
740 1629 785 1688 nil
803 1630 886 1691 diets
901 1633 970 1711 niti,

123 1739 150 1780 ⁸0
247 1728 464 1807 Supdrbumst:
483 1728 539 1788 sod
554 1726 639 1788 illam
655 1730 763 1808 spdro,
779 1730 832 1788 nbi
844 1730 903 1789 hoo
919 1734 1104 1810 cognduerit
1115 1744 1155 1797 155
1183 1773 1184 1780 1

246 1828 315 1887 Non
330 1828 470 1906 pdsse'se
488 1848 607 1888 mecum
622 1829 707 1904 esse,
729 1829 879 1887 abituram
894 1827 1054 1908 ddnique!
1178 1833 1185 1898 J-

162 1925 218 1987 Pn.
247 1925 350 2004 Quid?
370 1927 490 1987 interea
506 1929 611 1987 ibatne
627 1925 666 1985 ad
680 1925 886 1986 Btcohidem‘i
909 1927 966 1992 ΡΑ.
985 1930 1122 1992 Cotidie:
1172 1929 1188 1984 ἶ

246 2024 309 2084 Sed
326 2028 359 2084 nt
374 2028 425 2104 iit,
444 2039 606 2105 postquam
620 2028 703 2085 huno
721 2023 852 2084 ilianum
869 2027 906 2084 ab
922 2030 993 2088 sose
1008 2028 1106 2109 uidet,
1173 2027 1187 2101 ,Γ

244 2121 381 2200 Maligna
396 2129 429 2181 et
443 2122 538 2181 mnlto
557 2125 652 2201 mdgis
668 2143 782 2202 procax
796 2123 877 2182 facta
890 2123 1005 2187 dicost.
1177 2184 1180 2189 .

122 2237 147 2278 ss
160 2221 217 2281 ΡΗ.
242 2219 431 2300 Nonddepol
441 2221 558 2283 mirum.
571 2220 627 2281 Pa.
635 2221 738 2299 Atque
751 2221 786 2280 du
797 2240 848 2280 res
859 2221 955 2283 multo
967 2228 1152 2291 mtxumeltt

243 2318 382 2377 Diidnxit
396 2317 482 2379 illum
498 2321 535 2378 ab
551 2318 622 2395 illa,
645 2325 805 2398 postquam
822 2323 936 2399 etipse
952 2341 987 2382 se

242 2416 285 2477 Et
298 2414 383 2476 illam
399 2425 431 2476 et
445 2419 523 2476 hano
540 2436 617 2497 qnae
634 2416 715 2477 ddmi
732 2423 800 2476 erat
814 2420 959 2496 cognouit
974 2422 1060 2485 satis.

243 2514 306 2594 [Ad
320 2514 493 2596 exemplum
510 2518 664 2575 ambarum
678 2535 780 2576 mores
795 2535 901 2578 earum
916 2520 1104 2601 existimans]

242 2614 346 2692 Haec,
369 2616 412 2673 ita
427 2617 472 2673 uti
486 2613 609 2673 libentii
624 2632 692 2672 esse
707 2615 832 2690 ingenid
848 2613 950 2694 decet,
1173 2687 1186 2696 γ’

82 2755 88 2766 .
118 2720 147 2762 ⁹⁰
240 2710 537 2790 Puddnsmodesta,
559 2711 750 2772 incdmmoda
767 2715 1004 2791 atqueiniririas
1108 2722 1147 2780 lit

241 2808 312 2869 Viri
328 2810 425 2869 omnis
439 2810 525 2870 ferre
541 2816 574 2869 et
588 2811 694 2887 tegere
711 2811 921 2875 contume'lias.

240 2906 301 2964 Hic
316 2909 432 2968 inimus
448 2911 560 2989 purtim
578 2910 682 2968 uxoris
696 2909 909 2970 miseriodrdiu

240 3003 427 3083 DenInctns,
449 3009 561 3085 partim
577 3011 677 3068 uictus
694 3010 784 3068 huius
798 3011 921 3070 inidriis

241 3099 392 3160 Paulttim
407 3101 545 3183 elapsust
559 3106 705 3166 Bacchidi
721 3114 813 3186 atque
828 3110 887 3168 hnc
905 3110 1067 3170 trinstulit
1155 3126 1174 3197 q

116 3208 144 3249 aa
240 3198 401 3278 Amdrem,
423 3210 585 3282 postquam
599 3209 655 3283 ptr
669 3205 825 3283 ingenium
841 3211 949 3266 nictus
964 3215 1022 3268 est.
1041 3232 1047 3242 ·
1101 3210 1140 3269 no
1163 3206 1171 3285 i

239 3297 362 3356 lntdrea
376 3300 408 3357 in
424 3301 525 3361 imbro
541 3305 671 3362 mdritur
686 3306 832 3383 cognatim
849 3324 943 3365 senex
1166 3288 1170 3309 ξ

240 3395 398 3456 Hordnoe.
423 3417 460 3458 eu
477 3400 516 3460 ad
530 3403 588 3462 hos
601 3401 742 3462 redierat
757 3404 828 3483 lege
844 3402 1011 3467 here'ditas.

1162 3460 1168 3519 i

1150 3530 1167 3555 -d
