2386 3810
116 153 179 217 110
328 160 332 166 ’
471 147 766 211 uvuvoflvs.
951 151 1020 200 var

117 323 179 386 Tu.
202 323 283 382 Abiu
298 320 387 399 hine,
409 319 538 379 insana?
567 318 623 377 Pr.
645 317 726 394 Quid
745 318 813 378 ita?
834 336 915 378 uero
935 316 1018 378 de'be

202 418 321 497 Credo,
344 419 396 477 isti
419 418 580 496 quicquam
602 416 771 495 furcifero,
794 417 822 476 si
838 415 873 475 id
894 416 1020 477 fecerim

200 518 389 577 Praese'rtim
411 534 501 594 quom
521 533 555 574 se
577 515 700 574 so‘ruom
720 514 855 573 fateatur
876 521 974 575 tuom.

73 637 100 679 ao
118 619 179 678 Tu.
204 617 302 678 Missa
322 616 398 675 haee
418 615 572 674 faciamus.
595 616 656 672 non
678 620 711 674 te
729 612 872 690 dignum,
894 613 1018 674 Chaere

200 715 332 776 Fecisti:
355 733 423 771 nam
445 714 472 772 si
493 730 549 789 ego
572 710 663 789 digna
685 711 743 769 hac
762 709 952 770 contume'lia

205 813 278 872 Sum
297 815 454 888 maxume,
476 816 507 869 at
524 815 559 868 tu
576 807 720 886 indignus
740 809 792 886 qui
815 807 936 867 faceres
958 814 1020 867 tam

202 910 310 988 Neque
332 906 446 987 edepol
467 906 541 985 quid
562 925 642 964 nune
665 903 774 965 consili
796 906 913 984 capiam
934 906 1001 964 seio

203 1007 250 1065 De
270 1007 392 1084 uirgine
412 1007 507 1065 istae:
528 1009 570 1064 ita
593 1006 784 1065 conturbasti
805 1004 881 1063 mihi

76 1123 101 1166 oo
202 1103 350 1163 Rationes
372 1104 487 1180 omnis,
509 1104 545 1162 rit
566 1121 633 1162 earn
654 1121 717 1161 non
735 1103 847 1180 possim
870 1101 933 1160 suis

202 1199 248 1259 lta
267 1207 302 1260 ut
323 1204 452 1278 aequom
475 1201 577 1260 fuerat
599 1206 690 1279 itque
712 1204 746 1259 ut
768 1198 871 1259 studui
891 1199 1021 1260 tradere

203 1300 247 1361 vt
265 1298 397 1359 solidum
417 1318 561 1379 parerem
576 1302 618 1359 mi
634 1300 693 1360 hoc
708 1299 909 1376 beneficium,
933 1300 1021 1361 Chae

119 1399 178 1460 Gu.
207 1400 249 1458 At
279 1401 360 1458 nimo
383 1398 495 1458 dehinc
522 1418 614 1478 spero
637 1401 794 1458 aeternam
815 1400 899 1457 iuter
920 1418 979 1458 nos
1002 1418 1020 1476 g

202 1499 303 1575 Fore,
331 1498 435 1557 Thais.
471 1516 563 1577 saepe
586 1517 623 1556 ex
644 1498 734 1558 huius
756 1496 840 1556 modi
865 1514 902 1556 re
924 1499 1020 1576 quipi

76 1609 102 1652 35
204 1594 289 1658 Molo
310 1597 462 1676 principio
484 1599 590 1673 magua
610 1594 802 1655 familiaritas

204 1695 382 1753 Conflatust.
410 1692 483 1771 quid
502 1693 530 1752 si
549 1693 608 1751 hoo
631 1693 780 1772 quispiam
800 1691 901 1751 uoluIt
924 1690 1020 1751 deusi

121 1790 181 1851 Tu.
204 1791 358 1870 Equidem
376 1791 430 1871 pol
450 1793 483 1850 in
504 1809 571 1851 eum
592 1794 712 1871 partem
735 1790 914 1869 accipioque
938 1790 972 1847 et
992 1809 1020 1848 ιιι

120 1887 178 1946 Cu.
205 1887 299 1946 Immo
321 1892 364 1947 ita
385 1907 507 1965 quaeso.
540 1907 631 1947 unum
653 1888 713 1946 hoo
735 1890 829 1964 seito,
852 1884 1020 1945 contumeli

203 1984 272 2044 Non
293 1987 343 2043 me
363 1986 476 2045 fecisse
498 1989 603 2064 carisa,
626 1985 682 2045 sed
704 1986 823 2044 amoris.
856 1984 918 2044 Tu.
943 1984 1020 2044 Scio

77 2103 104 2144 ao
205 2083 247 2143 Et
267 2081 320 2161 pol
342 2089 510 2162 propterea
531 2085 625 2161 magis
646 2084 869 2159 nuuo'iguosod
894 2083 964 2141 tibi.

203 2179 272 2239 Non
294 2179 371 2240 adeo
392 2180 556 2240 inhumano
578 2182 803 2258 ingeniosum,
826 2180 980 2260 Chaerea,

205 2279 313 2356 Neque
335 2281 377 2338 ita
395 2281 545 2359 inperita,
566 2285 600 2339 ut
623 2280 696 2358 quid
715 2301 799 2339 amor
821 2278 923 2338 ualeat
942 2282 1019 2340 nese

121 2377 179 2437 Cu.
207 2377 256 2436 Te
291 2377 414 2456 quoque
445 2378 522 2457 iam,
555 2379 732 2455 'l'hais,1'ta
763 2396 812 2437 me
839 2376 871 2436 di
901 2377 987 2438 bene

572 2497 648 2535 amo.

119 2573 174 2633 Pu.
204 2572 284 2632 Tum
303 2571 358 2654 pol
378 2575 437 2634 tibi
459 2575 495 2633 ab
517 2575 611 2653 istoc,
633 2579 702 2651 e'ra,
724 2571 893 2633 cauendum
913 2571 1020 2633 intelle

77 2692 103 2732 45
121 2671 177 2731 Cu.
205 2671 275 2731 Non
290 2673 395 2732 arisim.
437 2672 493 2731 Pr.
515 2671 567 2731 Nil
586 2673 642 2731 tibi
665 2675 825 2750 quiequam
847 2668 952 2731 credo.
991 2671 1020 2732 Τ

577 2772 668 2831 sinas.

11 2885 14 2890 ·
122 2865 178 2926 Ga.
206 2867 294 2927 Nunc
316 2868 373 2946 ego
395 2875 428 2928 te
448 2869 480 2927 iu
503 2869 560 2928 hac
580 2887 615 2928 re
637 2870 679 2927 mi
700 2870 755 2928 oro
776 2872 812 2927 ut
833 2866 970 2928 adiutrix
986 2870 1020 2929 si«

203 2965 269 3043 Ego
292 2967 341 3024 me
363 2972 434 3025 tuae
457 2964 636 3025 comme'udo
657 2973 689 3024 et
711 2967 867 3025 committo
888 2965 970 3026 fide:

205 3063 253 3122 Te
275 3064 351 3123 mibi
371 3071 531 3145 patronam
553 3067 657 3145 capio,
681 3064 793 3142 Thais,
816 3072 848 3123 te
871 3066 1019 3125 obsecro:

203 3163 362 3243 Emoriar,
383 3165 491 3225 sinon
513 3165 590 3224 haino
612 3183 737 3224 uxorem
759 3163 886 3224 dixero.

77 3282 102 3323 uo
121 3261 183 3322 Tu.
206 3261 324 3323 Tamen
345 3267 372 3324 si
391 3271 480 3344 pater
504 3263 612 3342 quid..
656 3265 714 3324 Cu.
748 3246 794 3323 ih
816 3261 919 3343 uolet,
941 3270 1020 3323 cert«

135 3408 142 3422 .
204 3361 288 3422 Ciuis
308 3361 399 3422 modo
417 3363 494 3423 haec
511 3365 560 3424 sit.
596 3363 656 3424 Tu.
679 3361 840 3422 Paululam
855 3365 1020 3441 opperirier
