2386 3810
69 174 131 238 189

95 363 127 415 V.
148 361 197 414 683
214 371 238 413 et
255 363 307 415 984
325 362 445 414 trochaici
462 362 599 427 septenarii

103 472 113 483 ·
150 444 200 497 585
219 447 251 496 ari
268 445 320 496 588
337 445 440 495 iambici
458 443 580 495 octonarii

102 553 115 564 ·
150 525 201 578 689
219 536 243 577 et
258 526 310 578 590
327 527 430 578 iambici
449 525 543 575 senarii

103 635 115 645 ·
150 608 200 660 591
219 611 253 659 ari
270 609 321 661 ola
338 609 459 660 trochaici
477 608 614 673 septenarii

103 719 115 730 ·
149 692 200 743 614
217 693 251 744 ad
267 692 318 744 622
336 692 438 741 iambici
454 692 577 741 octonarii

105 802 115 813 ·
150 773 200 827 623
219 775 252 826 ad
267 773 319 827 667
334 772 452 823 trochaici
470 771 606 836 septenarii

105 885 115 896 ·
152 856 204 909 668
222 858 256 908 ad
272 855 324 910 676
342 856 445 905 iambici
462 855 583 904 octonarii

105 967 116 978 ·
151 940 203 991 679
220 941 253 988 ari
270 937 321 988 707
339 939 441 987 iambici
458 936 596 1000 septenarii

103 1053 115 1062 -
151 1023 201 1074 709
219 1024 252 1072 ad
269 1023 320 1072 722
337 1022 459 1071 trochaici
476 1020 612 1086 septenarii

103 1130 118 1142 -
153 1101 203 1153 723
221 1101 257 1152 ed
270 1104 320 1157 748
341 1103 444 1152 iambici
461 1101 600 1167 septenarii

105 1215 115 1226 ·
150 1184 200 1236 749
218 1187 251 1236 ad
268 1184 320 1238 873
338 1184 440 1234 iambici
456 1185 549 1233 senarii

107 1298 116 1306 -
151 1268 202 1319 874
220 1269 253 1316 ad
268 1265 318 1318 907
336 1266 458 1316 trochaici
474 1267 613 1330 septenarii

106 1381 118 1393 -
153 1352 204 1403 098
222 1353 255 1404 ad
271 1351 322 1406 939
340 1352 442 1402 iambici
460 1352 554 1401 senarii

107 1466 118 1476 -
153 1438 204 1491 940
222 1440 254 1489 ati
271 1437 322 1490 979
340 1437 460 1488 trochaici
478 1437 614 1502 septenarii
661 1449 662 1453 ’

107 1552 118 1564 -
153 1521 204 1574 989
222 1523 255 1572 ad
269 1519 320 1572 999
337 1520 437 1570 iambici
456 1520 578 1569 octonarii

107 1638 118 1645 -
155 1605 221 1657 1099
239 1607 272 1655 cd
291 1605 357 1657 1092
375 1605 478 1654 iambici
495 1602 630 1672 septenarii

108 1720 119 1731 ·
156 1688 222 1741 1003
241 1690 362 1738 iambicus
379 1690 523 1737 octonarius

107 1802 119 1812 -
156 1771 222 1822 loos
240 1772 364 1820 iambicus
381 1770 554 1832 quaternarias

109 1883 120 1893 -
156 1853 221 1904 1905
239 1855 273 1902 acl
291 1851 357 1902 1012
376 1852 478 1901 iambici
498 1850 618 1900 octonarii

109 1961 121 1971 ·
157 1933 223 1986 1013
241 1935 275 1983 ad
294 1933 359 1985 1916
377 1935 499 1986 trochaici
517 1931 652 1998 septenarii

107 2047 120 2058 -
156 2017 220 2068 1017
240 2025 264 2066 et
282 2015 349 2066 1018
366 2018 466 2067 iambici
484 2015 604 2067 octonarii

108 2127 122 2141 ·
155 2098 221 2152 1021
239 2099 273 2149 ati
288 2098 353 2150 1067
372 2099 490 2149 trochaici
506 2093 643 2162 septenarii
