2386 3810
125 154 146 215 6
230 146 235 153 ⁸
295 185 297 191 1
444 149 551 210 vttn
583 150 811 211 TERENTll.

171 325 202 379 In
213 324 336 379 medium
347 324 427 378 nobis
441 322 546 378 sedatis
558 324 675 378 uocibus
687 323 778 377 eclers

173 407 311 478 Quicquid
324 423 403 462 corne
415 409 531 478 loquens
545 412 625 477 atque
637 406 731 460 omnia
743 405 835 460 dulcia
850 404 958 461 dicens.

129 490 197 545 Item
210 490 240 546 Ο.
254 489 372 546 Caesar:
457 518 460 524 ·

172 574 215 629 Tu
226 591 337 645 quoque
366 573 434 628 tuin
446 574 577 640 summis,
590 589 606 628 o
619 572 763 628 dimidiata
774 571 937 639 Menander,

102 664 120 717 ὁ
173 659 289 712 Poneris
302 663 330 712 et
340 658 453 723 meritc,
466 657 529 728 puri
542 657 680 710 sermonis
692 661 809 711 amator.

172 741 294 797 Lenibus
306 747 389 811 atque
401 740 504 794 utinam
517 740 628 810 scriptis
640 737 773 794 adiuncta
784 740 855 793 loret
865 739 919 806 uis,
1001 748 1004 752 ’

170 822 287 900 ,Οοῐηίοα
297 830 328 879 ut
338 829 455 893 aequato
469 823 557 878 uirtus
571 823 690 893 polleret
700 821 807 876 honore

175 905 242 962 Cum
254 907 378 974 Graecis,
391 922 482 976 neque
494 907 523 960 in
535 905 588 961 hac
602 905 751 976 despectus
764 911 844 976 parte¹
855 905 980 960 iaceres:

175 990 266 1044 Vnum
277 989 332 1046 hoo
343 1005 471 1044 maceror
483 994 509 1043 el
522 989 603 1044 doleo
615 990 662 1045 tibi
675 989 792 1056 deesse,
804 988 925 1043 Terenti.

154 1121 156 1126 ’
262 1189 265 1195 ,
344 1140 637 1196 noorrnnnnrvn
658 1140 753 1196 nutu
773 1139 918 1196 nonan.

213 1252 289 1322 Haec
305 1251 455 1308 Suetonius
467 1253 655 1323 Tranquillus.
689 1253 761 1308 Nam
779 1252 851 1308 duos
869 1252 1014 1314 Terentios
1033 1239 1148 1326 poetas·

131 1337 219 1392 luisse
231 1336 326 1392 scribit
337 1337 454 1405 Metius,
475 1353 592 1408 quorum
610 1338 679 1392 alter
692 1337 876 1408 Fregellanus
894 1337 975 1392 luerit
987 1337 1135 1394 Terentius

90 1484 93 1490 Ι
130 1421 215 1489 Libo,
234 1422 303 1476 alter
317 1421 460 1475 libertinus
475 1421 622 1475 Terentius
633 1420 702 1475 Ater
713 1425 818 1490 patna,
838 1419 874 1474 de
892 1437 947 1491 quo
960 1437 1034 1478 nunc
1047 1424 1136 1494 loqui·

130 1519 203 1559 mur.
244 1503 385 1575 Scipionis
404 1505 512 1559 tabulas
528 1502 654 1559 edidisse
670 1502 831 1573 Terentium
848 1504 967 1576 Valgius
985 1506 1014 1560 in
1033 1506 1136 1562 Actae·

87 1591 123 1644 15
135 1603 189 1642 one
203 1587 256 1642 ait:
686 1618 688 1624 s

176 1670 251 1726 Tuae
263 1669 335 1742 quae
350 1676 485 1727 uocantur
497 1668 608 1727 tabulae
616 1668 738 1726 'cuiaene
749 1666 834 1724 suntl

173 1755 236 1808 Non
246 1751 298 1827 lra's
310 1755 356 1825 qui
369 1755 431 1810 iura
442 1755 556 1826 Pdplius
570 1754 654 1809 dabat
662 1754 791 1827 pc'ntibus

173 1837 284 1891 Hondre
297 1854 406 1892 summo
421 1836 547 1892 adlc'otus
562 1839 627 1892 lecit
637 1833 765 1893 laibulas‘l

131 1920 208 1974 Duae
227 1922 261 1975 ab
279 1919 452 1990 Apollodoro
475 1922 627 1976 translatae
646 1937 711 1975 esse
723 1920 852 1976 dicuntur
863 1922 986 1988 comico,
1004 1921 1134 1978 Phormio

86 2007 124 2060 2⁰
135 2009 161 2056 et
177 2004 304 2074 Hecyra:
322 2009 451 2074 quattuor
468 2003 594 2073 reliquae
615 2002 816 2059 aMenandro.
848 2005 890 2060 Ex
909 2007 1009 2075 quibus
1031 2022 1134 2078 magno

134 2103 270 2142 successu
280 2092 308 2140 et
319 2088 409 2158 pretio
426 2087 498 2142 stetit
508 2085 660 2142 Eunuchus
674 2087 780 2142 tabula:
797 2087 909 2161 Hecyra
922 2105 1007 2161 saepe
1020 2091 1134 2146 exclusa

134 2172 181 2224 uix
193 2176 255 2225 acta
266 2175 320 2225 est.
