2386 3810
80 157 133 213 111
151 161 265 215 1e-eo
500 159 665 222 HEGYRA.
1018 163 1079 227 247

170 328 253 416 Quae
273 357 323 399 me
346 341 378 398 et
395 346 429 401 te
450 347 483 401 et
501 341 647 402 familitm
669 341 854 423 dedecores,
876 345 943 406 fssio
962 345 1082 407 luetrim

171 532 247 594 Tum
269 538 370 595 sutem
390 535 428 595 ex
448 459 691 597 rmioidntrdismioi
712 545 746 596 ut
772 539 834 598 sint
854 541 942 600 nobis
964 455 1081 600 adfiddi

534 634 621 712 freis,

169 730 227 808 Qui
241 726 329 791 illrirn
345 729 513 791 decrerunt
528 731 669 810 dtgnum,
692 750 762 790 suos
779 734 850 810 quoi
866 730 983 793 liberos
999 753 1080 795 com·
1094 758 1118 798 rs

535 833 703 888 mitterent.

168 923 216 984 Tu
228 923 294 984 sola
306 942 444 1003 exorere,
463 925 540 1003 quoe
553 924 719 1005 perturbes
734 926 810 984 hoec
823 932 876 984 tue
889 923 1077 1004 inpudentia.

78 1019 131 1081 So.
163 1022 274 1099 Egon?
292 1020 348 1083 Im.
362 1022 413 1082 Tu
429 1025 550 1102 inquom
568 1022 689 1101 mulier,
708 1025 785 1103 qnae
800 1042 850 1083 me
864 1025 987 1082 omnino
1002 1022 1080 1104 ltpi·

533 1119 619 1199 dem,
640 1141 702 1180 non
717 1123 872 1181 hominem
888 1129 987 1201 putus.

166 1216 232 1295 An,
265 1220 335 1295 quio
359 1219 424 1276 ruri
452 1235 520 1277 esse
544 1219 654 1278 crebro
677 1218 777 1296 soleo,
808 1220 931 1279 nescire
949 1219 1080 1279 arbitrri·

534 1315 608 1374 mini
1026 1326 1078 1379 215

165 1410 231 1487 Quo
246 1412 376 1489 quisque
389 1418 479 1492 poeto
494 1411 545 1471 hio
560 1416 654 1473 uitem
671 1420 844 1474 nostrorum
861 1412 983 1490 exiget?

163 1508 265 1570 Mrilto
280 1509 389 1570 melios
409 1512 553 1592 hisquae
574 1515 652 1576 fiunt
668 1536 755 1595 quum
777 1513 827 1573 ssli
847 1515 899 1573 ubi
917 1533 983 1574 som
999 1513 1078 1576 edsi-
1091 1536 1116 1576 ro

533 1611 594 1672 dne
608 1613 687 1671 scio:

161 1691 234 1767 ideo
258 1707 344 1785 quio,
365 1710 412 1769 uti
431 1708 513 1768 domi
533 1728 588 1767 uos
604 1709 649 1767 mi
671 1709 772 1786 eritis,
793 1708 923 1789 proinde
944 1729 1001 1789 ego
1021 1728 1076 1769 ero

538 1808 618 1867 famd
635 1806 722 1870 foris.

159 1902 222 1963 lem
235 1903 356 1983 pridem
372 1905 516 1985 equidem
532 1905 635 1965 audiui
656 1905 775 1985 cepisse
791 1904 892 1966 ddium
907 1908 954 1967 tui
967 1906 1076 1969 Phile-

531 2022 665 2063 menum:

160 2100 361 2181 Minumeque
387 2102 464 2162 adeo
489 2105 617 2177 mirum;
645 2108 678 2161 et
701 2103 734 2161 ni
756 2101 791 2163 id
813 2103 954 2180 fecisset,
983 2105 1077 2181 magis

533 2200 643 2259 mirrim
665 2199 758 2260 foret.
1026 2210 1078 2262 220

161 2297 225 2358 sed
242 2318 304 2358 non
323 2297 443 2359 credidi
461 2298 555 2377 rideo,
581 2305 615 2359 ut
636 2301 727 2360 etium
747 2303 842 2360 totum
861 2300 939 2359 huno
961 2297 1079 2358 odisset

531 2397 669 2457 domum:

160 2495 298 2571 Quodsi
320 2498 461 2575 scissem,
489 2494 547 2557 ille
569 2498 620 2556 hic
647 2504 785 2556 moneret
809 2497 926 2575 pritius,
951 2501 986 2555 tu
1006 2495 1078 2554 hino
1092 2511 1117 2552 25

529 2599 608 2656 isses
631 2596 723 2654 fores.

161 2675 203 2757 it
217 2693 306 2773 uide,
326 2715 414 2775 quom
428 2696 574 2755 inmerito
589 2691 749 2772 aegritudo
765 2693 841 2753 haee
857 2693 955 2752 dritur
969 2692 1010 2751 mi
1025 2691 1078 2751 ebs

531 2800 580 2872 te,
603 2794 756 2853 Sdstrato:

160 2895 225 2955 Rois
240 2895 409 2955 habitatum
427 2894 503 2971 obii,
527 2891 700 2952 concedens
716 2891 804 2950 uobis
819 2896 852 2948 et
865 2889 913 2948 rei
927 2889 1077 2969 seruiens,

160 2993 235 3054 Med
248 2990 350 3052 labori
364 2991 446 3051 haud
460 2997 590 3073 ptroens
605 2999 731 3073 praeter
745 2991 872 3069 aequom
888 2993 980 3067 etque
995 2992 1078 3047 oeta·
1090 3013 1116 3054 29

532 3093 595 3150 tem
612 3109 719 3168 meum,
1026 3094 1078 3146 225

160 3189 306 3270 Srimptns
324 3195 446 3250 nostros
463 3190 618 3270 otiumque
634 3198 668 3250 ut
682 3192 787 3250 nostro
800 3205 852 3248 res
866 3185 972 3266 posset
986 3184 1060 3264 pati
1091 3212 1117 3253 ῃ

158 3288 227 3349 Ndn
248 3296 281 3347 te
300 3308 358 3369 pro
379 3289 427 3348 his
450 3294 572 3349 curtsse
593 3291 702 3367 rebus,
735 3284 852 3367 nequid
877 3302 969 3364 segre
995 3284 1079 3344 esset
1092 3307 1118 3350 ss

531 3388 622 3450 milri!
