2386 3810
47 198 83 254 '3
100 202 213 254 te-aa
425 198 603 257 PHORMIO.
952 203 1015 267 213

47 395 70 437 n.
102 373 192 452 Quod
206 375 398 436 remedium?
421 377 477 439 Gn.
489 378 532 439 Vt
548 380 607 436 abii
621 381 675 439 aba
689 387 732 458 te,
750 383 785 441 iit
799 383 883 445 forte
895 386 1015 465 obuiam

101 474 182 535 Mihi
202 474 356 537 Phormio.
383 475 439 537 Cn.
456 476 515 550 Qui
533 475 702 536 Phormio?
725 478 781 542 Gn.
797 481 825 540 is
848 485 899 559 qui
915 485 1013 545 istim.

473 574 627 636 Cen-Scio.

47 690 73 730 e.
102 669 241 730 Vistimat
255 669 307 745 mi,
325 674 360 727 ut
374 670 440 728 eina
454 671 636 749 temptarem
652 675 844 738 sententiam.

100 766 224 826 Prendo
247 767 401 827 bominem
422 766 535 827 solnm:
563 767 653 846 ‘quor
671 773 746 829 non'
766 773 888 850 inquam
906 775 1017 836 ‘Phor-
1030 784 1056 824 ¹⁶

470 869 542 944 mio,
965 884 1018 937 ono

99 962 209 1041 Vides,
231 964 314 1022 inter
331 982 388 1023 nos
403 967 448 1023 sic
462 965 539 1024 baec
557 966 660 1044 potina
676 966 744 1026 etim
761 969 841 1028 bona

99 1061 144 1123 Vt
164 1063 377 1140 componamus
395 1064 493 1140 gratia
512 1083 599 1141 qnam
615 1065 683 1122 caim
698 1064 800 1126 malai

97 1159 181 1218 Erue
195 1156 334 1218 liberalis
351 1161 398 1219 est
415 1166 447 1219 et
463 1161 596 1238 fugitans
611 1159 726 1221 litium:

98 1254 176 1315 Nam
191 1257 288 1315 aeteri
304 1255 427 1334 quidem
443 1255 551 1316 hercle
567 1259 655 1320 amini
670 1261 776 1319 omnen
791 1259 883 1321 modo

99 1353 169 1415 Vno
194 1354 249 1413 ore
275 1360 415 1413 auctores
441 1354 546 1431 fuere,
574 1361 609 1414 nt
632 1357 834 1435 praecipitem
860 1358 938 1417 hino
962 1358 1054 1420 ‹ia-ao

471 1453 544 1513 rei.’
964 1467 1014 1521 625

64 1598 72 1610 .
102 1546 184 1625 Quid
203 1548 254 1606 hio
275 1548 397 1627 coeptat
415 1555 467 1607 aut
482 1567 541 1625 quo
559 1547 672 1608 entdet
686 1548 804 1609 hodie?
832 1551 889 1612 Gn.
904 1552 954 1612 ‘an
968 1551 1015 1613 le-

483 1646 571 1722 gibus

99 1743 249 1802 Data'arnm
264 1760 378 1821 poenas
396 1740 491 1819 diaes,
511 1743 538 1800 ai
552 1740 636 1800 iliam
652 1742 805 1803 eiecerit?

98 1840 161 1900 lam
175 1839 209 1899 id
224 1840 458 1919 exploratumst:
480 1839 560 1916 heia,
577 1836 700 1898 sudabis
715 1841 798 1918 satia,

99 1936 133 1996 Si
148 1956 216 1997 enm
230 1936 284 1996 sslo
300 1938 438 2015 inceptas
453 1937 593 1994 homine:
616 1955 653 1996 oa
669 1935 885 2016 eloquentiast.

99 2035 218 2097 Veraim
233 2054 313 2115 pono
329 2052 398 2094 esse
413 2038 527 2093 uictum
542 2053 625 2093 eum:
649 2041 680 2095 at
693 2037 818 2098 tandem
832 2047 935 2103 tamen
963 2053 1015 2108 630
1027 2059 1052 2098 aa

98 2133 167 2192 Non
182 2133 290 2212 cipitia
307 2133 336 2192 ei
351 2151 401 2192 res
417 2134 527 2210 agitur,
548 2131 605 2192 sed
619 2137 791 2213 pectiniae?

98 2231 264 2308 Postquam
280 2230 433 2289 hominem
449 2231 496 2289 his
512 2231 615 2289 uerbis
630 2232 730 2290 se'ntio
745 2230 907 2313 mollirier,

101 2326 180 2387 ‘Soli
193 2347 294 2388 numus
308 2348 389 2387 nuno
405 2329 467 2387 bic'
483 2332 619 2406 inquam:
640 2329 723 2407 ‘eho,
739 2328 788 2389 dio
803 2331 876 2408 quid
887 2335 934 2393 uta
946 2332 1013 2394 dari

99 2424 173 2484 Tibi
187 2426 218 2483 in
233 2444 363 2502 manum,
380 2433 414 2484 nt
428 2443 499 2483 erus
513 2426 560 2482 his
577 2425 705 2483 desistat
719 2425 836 2504 litibus,

98 2523 185 2581 Haeo
200 2523 271 2581 binc
285 2523 427 2597 facessat,
450 2521 482 2578 tn
497 2519 643 2578 molestus
659 2522 699 2580 ne
713 2523 808 2582 aiesi'
962 2537 1012 2591 635
1026 2542 1052 2583 ao

49 2642 71 2682 n.
100 2619 186 2678 Satin
202 2619 248 2679 iili
264 2619 294 2679 di
310 2627 379 2679 sunt
394 2618 543 2698 propitii?
563 2619 619 2679 Gn.
635 2617 715 2677 ‘nam
731 2624 777 2678 sit
791 2621 865 2697 acio,

101 2718 133 2777 Si
149 2725 182 2777 tu
196 2716 327 2795 iliqnam
342 2727 461 2798 partem
476 2721 567 2795 aequi
583 2719 716 2794 bonique
733 2715 857 2794 dixerin,

98 2814 143 2876 Vt
159 2821 207 2873 est
223 2812 275 2872 ille
292 2815 389 2874 bonus
404 2817 463 2891 uir,
485 2817 546 2873 tria
562 2834 621 2872 non
639 2816 861 2874 commutabitis

98 2913 205 2975 Verba
216 2912 308 2972 hodie
321 2914 402 2970 inter
412 2914 490 2974 nos.'
505 2913 561 2971 De.
572 2915 644 2988 Quis
657 2921 688 2970 te
700 2914 795 2970 istaec
806 2914 893 2973 iussit
904 2913 1012 2994 loqui?

49 3030 70 3072 n.
101 3010 194 3069 Immo
213 3007 720 3089 nonpotuitme'liusperuenirior
961 3023 1052 3076 biota

96 3107 143 3167 Eo
160 3111 220 3184 quo
235 3126 290 3166 nos
307 3105 454 3166 uolumus.
476 3108 532 3168 An.
552 3093 666 3166 Occidi.
692 3105 744 3168 Dn.
762 3106 862 3184 Perge
879 3106 990 3186 e'loqui.

49 3226 71 3266 e.
100 3208 127 3266 A
144 3209 243 3286 primo
259 3206 349 3264 homo
365 3208 526 3265 insanibat.
550 3206 606 3264 Cn.
623 3204 708 3263 Cedo
728 3205 800 3282 quid
816 3205 974 3284 postulati

49 3324 72 3368 n.
98 3304 202 3380 Quid?
224 3306 350 3364 nimium
365 3313 517 3383 qnantum.
542 3304 599 3364 Cn.
618 3301 791 3374 Quoniam?
809 3302 867 3362 dic.
892 3303 948 3364 Gn.
966 3303 1015 3363 si-

470 3402 536 3479 quis
553 3399 642 3460 daret
