2386 3810
115 185 177 248 148
366 186 552 247 uuavrou
575 155 883 248 rmoavuaros(
918 192 962 245 111
975 139 1115 249 aas-ar

201 368 281 446 Quid
303 371 335 429 te
356 371 492 431 futurum
513 371 630 446 censes,
654 389 743 447 quem
765 367 893 428 adsidue
913 367 1074 430 exedent?

200 467 251 526 Sic
269 468 318 526 md
340 466 372 527 di
394 471 546 546 amabunt,
569 471 602 528 rit
623 487 672 527 me
694 475 814 527 tuarum
836 470 1051 547 miseritumst,

72 586 99 625 aa
196 563 393 643 Menedeme‚
411 566 616 625 ›fortuutrum
644 567 708 626 Ma.
725 566 832 625 Faciat
853 564 1034 644 quidlubet:
1068 607 1073 616 ·

200 663 305 723 Sumst
326 671 482 724 consumat
503 662 625 744 pe'rdat,
648 663 840 724 decretrimst
860 666 935 744 pati,
1068 675 1117 730 465

198 764 276 823 Dum
287 761 375 823 illrim
386 762 476 822 modo
491 763 618 822 habeam
631 765 758 821 me'cum.
775 762 833 822 Cu.
849 761 882 823 si
898 764 1119 824 certrimsttibi

135 904 139 911 -
198 862 249 922 Sic
270 864 385 939 ficere,
407 861 485 922 illud
506 863 663 941 permigni
685 861 829 920 referre
851 863 999 941 drbitrur,

198 963 241 1022 Vt
261 964 301 1021 ne
322 963 470 1020 scientem
494 962 607 1020 se'ntiat
628 967 661 1019 te
682 958 715 1018 id
736 961 795 1020 sibi
817 958 900 1021 dare.

74 1073 100 1114 ao
112 1059 176 1120 Mu.
199 1058 279 1133 Quid
294 1058 427 1117 ficiam?
449 1059 507 1116 ea.
524 1056 653 1135 Quiduis
667 1059 769 1137 pdtius
786 1078 874 1137 quam
891 1056 973 1137 quod
985 1061 1119 1138 edgitas:

198 1157 258 1216 Per
279 1154 372 1214 ilium
395 1156 533 1233 quemuis
554 1156 589 1215 rit
611 1155 681 1216 des:
703 1155 826 1216 fallite
847 1158 929 1216 sinas
1068 1168 1119 1224 470

197 1256 344 1316 'l‘echr'uis
365 1274 423 1334 per
444 1252 613 1313 seruolum:
637 1256 696 1315 etsi
715 1255 855 1314 subsensi
875 1253 908 1314 id
931 1275 1066 1337 quoque,

197 1354 269 1414 ilicis
290 1355 333 1414 ibi
351 1373 431 1431 esse,
453 1351 486 1412 id
506 1357 599 1430 agere
620 1355 704 1413 inter
726 1372 759 1413 se
782 1351 965 1413 riduculum.

199 1452 295 1530 Syrus
315 1472 382 1512 cum
403 1450 458 1512 sslo
481 1457 586 1511 uestro
609 1455 838 1528 cdnsusurrant,
861 1451 1028 1511 eduierunt

74 1556 100 1597 ⁶⁵
202 1547 338 1610 Consilia
359 1549 398 1609 ad
418 1548 640 1609 adulescentisz
662 1558 695 1607 et
715 1549 772 1607 tibi
793 1546 929 1628 perdere

202 1645 367 1707 'l'aleutum
380 1648 440 1707 hoc
456 1656 546 1728 pacto
567 1647 661 1706 sattius
676 1652 725 1704 est
741 1665 830 1723 quam
851 1643 907 1705 illd
922 1646 1045 1706 minam.
1068 1657 1118 1713 475

200 1743 267 1803 Nou
288 1748 369 1805 urinc
390 1747 520 1826 pecunia
539 1745 650 1822 igitur,
672 1741 728 1804 sed
747 1741 827 1803 illud
847 1745 906 1821 qud
929 1741 1022 1802 modo

199 1842 337 1901 Miuumd
357 1840 475 1921 periclo
488 1841 529 1901 'id
547 1840 652 1901 demus
675 1839 916 1901 adulescentulo.

198 1937 273 1996 Nam
295 1941 321 1997 si
343 1937 438 1997 semel
459 1947 542 1997 tuom
566 1940 696 1997 animum
718 1937 771 1997 ille
793 1936 998 2016 intellexerit,
1043 1922 1047 1931 ¹

72 2033 99 2074 '⁰
197 2035 287 2094 Prius
307 2034 500 2114 prdditurum
522 2038 554 2094 te'
576 2043 656 2095 tuam
679 2040 772 2096 uitam
793 2039 825 2096 et
846 2039 931 2116 prius

200 2133 365 2192 l'eeiruiam
378 2153 508 2209 omnem,
521 2153 609 2210 quam
623 2138 676 2194 abs
689 2142 720 2194 te
732 2137 851 2194 amittas
863 2133 976 2193 filium:
989 2135 1056 2214 hui,
1067 2145 1119 2200 480
1150 2142 1153 2147 ’

200 2234 348 2308 Quantdm
368 2233 536 2292 fenestram
558 2231 596 2290 ad
618 2234 787 2311 nequitiem
808 2233 1007 2313 patefeceris,

200 2331 273 2389 Tibi
295 2333 395 2390 asrtem
417 2350 511 2409 porro
534 2337 568 2388 ut
588 2333 650 2390 ndu
667 2332 708 2390 sit
730 2350 822 2390 suaue
843 2332 965 2391 uiuere!

197 2429 273 2488 Nam
296 2428 469 2488 deteriores
491 2431 595 2488 ‹imnes
616 2449 717 2488 sumus
736 2428 869 2489 licdutia.

73 2540 99 2582 rs
199 2525 300 2604 [Quod
316 2529 447 2605 quoique
463 2546 614 2606 quumque
632 2527 777 2586 inciderit
791 2528 823 2586 in
837 2529 982 2607 mentem,
1006 2527 1107 2609 uolet,

198 2626 306 2704 Neque
325 2624 356 2684 id
376 2627 495 2705 putabit
515 2631 682 2706 prauumue
705 2645 743 2684 an
761 2627 880 2685 rectrim
901 2625 982 2704 siet]
1066 2637 1119 2692 485

198 2724 248 2784 Tu
269 2727 335 2783 rem
357 2725 461 2803 perire
484 2732 516 2784 et
536 2727 634 2805 ipsum
656 2744 716 2782 non
737 2726 855 2803 poteris
874 2724 948 2802 pati.

197 2822 279 2881 Dare
301 2821 477 2900 ddnegaris:
499 2825 557 2883 ibit
579 2823 617 2884 ad
638 2820 717 2883 illud
738 2820 821 2899 ilico,

197 2920 265 2996 Quo
288 2923 424 2977 mirume
446 2919 526 2999 apud
548 2929 579 2979 te
602 2923 636 2979 se
658 2921 765 2982 ualere
787 2923 924 2981 se'utiet:

72 3029 100 3072 aa
196 3018 360 3077 Abiturum
383 3037 417 3077 se
439 3019 491 3076 abs
513 3023 546 3077 te
568 3036 636 3077 esse
658 3018 728 3078 ilico
751 3020 925 3081 minabitur.

111 3117 177 3178 Mu.
196 3113 315 3176 vidae
337 3134 411 3174 uera
433 3123 525 3193 atque
547 3120 590 3175 ita
609 3119 654 3176 uti
675 3136 726 3177 res
749 3125 798 3176 est
820 3116 934 3178 dicere.
1064 3129 1119 3185 490

112 3214 171 3276 (ia.
195 3215 340 3273 Somnum
355 3212 464 3272 he'rcie
478 3233 535 3292 ego
551 3217 608 3274 irae
623 3223 714 3276 nocte
730 3212 825 3277 deuiis
841 3234 903 3274 nou
917 3213 985 3274 uidi
1000 3218 1091 3297 meis,

196 3313 273 3371 Dum
297 3311 328 3370 id
352 3313 477 3391 quaero,
498 3313 554 3371 tibi
574 3314 626 3389 qui
647 3312 746 3374 silium
763 3317 974 3375 restituerem.

109 3411 176 3473 Ma.
197 3409 282 3471 Cedo
299 3408 452 3468 dextram:
468 3430 561 3490 porro
577 3412 608 3469 te
619 3408 701 3471 idem
713 3431 767 3472 oro
783 3420 816 3473 ut
830 3413 935 3495 iuriis,
952 3414 1116 3483 Chremes.
