2386 3810
422 121 530 182 tura
560 120 788 182 bunuaria
1090 131 1108 190 5

101 294 304 351 adulescentuli
323 295 415 361 luere,
433 310 516 365 quam
528 293 651 364 Sulpicio
670 293 763 361 Gallo,
780 293 894 350 homine
912 295 993 352 docto
1010 305 1038 352 et
1055 316 1108 370 quo

101 380 217 434 consule
234 377 308 433 ludis
319 375 520 449 Mepoieasibaa
536 378 643 432 initium
661 378 758 432 lecerit
769 377 923 434 fabularum
941 380 1107 448 dandarum,

100 465 145 518 uel
157 463 193 531 Q.
203 463 291 517 Fabio
303 461 430 515 Labeone
443 468 469 515 et
480 463 517 515 M.
531 462 664 531 Popillio,
687 463 828 516 consulari
840 468 956 534 utroque
968 482 1000 520 ac
1013 471 1107 535 posta.

98 543 165 600 ldeo
177 548 272 616 ipsum
285 560 340 597 non
352 545 469 600 iuuenes
483 543 663 616 designasse,
680 545 726 615 qui
739 561 770 599 se
782 545 1106 616 adiuuissedioerentur,

99 628 151 684 sed
169 631 261 695 uiros,
280 627 396 698 quorum
413 644 527 698 operam
544 633 571 682 et
589 627 618 682 in
635 629 707 682 bello
726 634 753 682 et
770 629 798 682 in
816 630 871 684 otio
895 636 922 686 et
943 633 971 685 in
995 634 1136 704 negotioa

97 714 220 784 populns
239 712 275 766 sit
289 717 431 781 expertus.

183 809 258 863 Post·
268 806 358 863 editas
371 807 549 875 comoedias,
569 806 693 863 nondum
706 806 830 877 quintum
840 812 922 878 atque
933 811 1107 880 trigesimum

98 907 235 962 egressus
244 907 357 959 annum,
370 906 457 946 eausa
469 891 616 946 euitandas
628 891 778 961 opinionis,
792 907 846 962 qua
859 892 1005 949 uidebatur
1016 895 1107 949 aliena

96 992 149 1047 pro
167 977 229 1030 suis
247 974 348 1042 edere,
368 991 420 1030 seu
436 973 610 1045 percipiendi
622 975 791 1030 Graecorum
809 975 932 1031 instituta
948 994 1105 1049 moresque,

98 1076 170 1130 quos
182 1058 299 1129 perinde
311 1059 479 1130 exprimeret
491 1059 519 1112 in
531 1059 656 1129 seriptis,
680 1074 813 1129 egressus
835 1063 930 1114 urbem
953 1066 996 1116 est
1016 1076 1106 1131 neque
1118 1071 1152 1122 10

99 1144 220 1213 amplius
237 1143 327 1197 rediit.
351 1143 391 1197 De
406 1147 498 1197 morte
510 1144 571 1198 eius
585 1145 729 1200 Volcatius
745 1145 786 1200 sio
801 1146 899 1200 tradit:

140 1223 201 1281 Sed
210 1231 240 1279 ut
250 1212 317 1280 11191
329 1241 380 1280 sex
392 1227 496 1296 populo
509 1225 597 1280 edidit
612 1226 783 1293 comoe'diaS,

139 1309 195 1364 lter
206 1305 272 1363 hinc
285 1310 313 1362 in
324 1309 424 1364 Asiam
435 1305 510 1364 lecit.
543 1309 636 1364 nanim
648 1309 732 1378 quom
745 1311 833 1364 semel

141 1390 329 1460 Conscendit,
342 1394 422 1448 uisus
432 1397 620 1464 numquamst.
642 1392 683 1446 sic
695 1390 753 1447 uita
766 1398 856 1448 uacat.

97 1475 132 1544 Q.
154 1474 311 1533 Cosconius
328 1476 489 1531 redeuntem
510 1477 658 1532 eGraecia
675 1477 785 1547 perisse
802 1477 831 1532 in
843 1471 940 1532 *mari
957 1477 1025 1532 dicit
1042 1495 1104 1534 cum
1115 1488 1149 1539 15

97 1565 210 1615 centum
230 1566 258 1614 et
274 1567 336 1615 octo
349 1561 449 1616 fabulis
469 1561 613 1615 conuersis
633 1560 828 1614 aMenandro.
861 1559 951 1615 Ceteri
968 1569 1105 1617 mortuum
1117 1567 1159 1633 (')

96 1658 164 1698 esse
184 1644 213 1697 in
229 1643 354 1699 Arcadia
366 1639 549 1716 Stymphali*
561 1644 624 1698 sinu
641 1644 799 1699 Leucadiae
814 1638 830 1674 *
845 1643 957 1700 tradunt
975 1644 1024 1700 Cn.
1041 1645 1106 1701 Cor·

95 1727 173 1782 nelio
195 1725 340 1782 Dolabella
361 1728 399 1782 M.
421 1728 520 1782 Fuluio
543 1727 685 1782 Nobiliore
709 1728 887 1794 consulibus,
911 1731 1007 1783 morbo
1026 1731 1105 1799 inpli-

96 1811 184 1866 citum
203 1810 262 1864 aori
280 1824 318 1866 ex
334 1810 431 1865 dolore
448 1827 480 1864 ac
497 1810 590 1865 taedio
603 1811 769 1866 amissarum
782 1813 970 1878 sarcinarum,
994 1827 1064 1882 quas
1077 1814 1104 1867 in

96 1894 166 1949 naui
190 1895 391 1965 praemiserat,
419 1910 452 1950 ac
476 1895 559 1948 simul
583 1895 748 1963 tabularum,
779 1911 849 1965 quas
875 1913 966 1951 nouas
990 1897 1150 1955 lecerat.20

95 1979 200 2034 Fuisse
218 1977 319 2033 dicitur
336 1977 471 2032 mediocri
489 1984 609 2046 statura,
629 1979 727 2049 gracili
748 1995 881 2049 corporo,
906 1983 1000 2035 colore
1014 1983 1103 2034 lusco.

97 2061 222 2131 Reliquit
241 2061 342 2130 filiam,
362 2077 434 2132 quae
448 2068 513 2133 post
531 2063 616 2132 equiti
628 2061 754 2116 Romano
775 2065 884 2134 nupsit:
900 2065 965 2118 item
977 2064 1103 2118 hortulos

98 2146 199 2215 uiginti
212 2147 340 2215 iugerum
353 2146 400 2201 uia
410 2145 503 2216 Appia
521 2144 557 2200 ad
568 2145 664 2200 Martis
680 2147 809 2214 [uillam].
843 2147 903 2214 Quo
915 2148 1006 2220 magis
1018 2148 1103 2202 miror

97 2229 229 2283 Porcium
241 2229 378 2283 scribere:

607 2313 768 2368 nilPriblius
1115 2321 1150 2374 25

142 2392 240 2466 Scipio
251 2395 371 2466 prosilit,
385 2396 423 2449 nil
434 2397 460 2451 ei
471 2395 597 2462 Lae'lius,
609 2398 648 2450 nil
659 2398 768 2462 Furius,

76 2491 81 2500 ·
139 2478 211 2534 Tres
222 2496 272 2550 per
287 2479 361 2533 idem
374 2481 481 2549 templis
494 2479 540 2549 qui
552 2481 694 2549 agitabant
704 2481 811 2541 nobiles
824 2478 981 2536 facillume:

139 2562 244 2617 Eorum
256 2565 302 2617 ille
314 2578 400 2633 opera
412 2563 447 2617 nd
460 2564 573 2617 domum
586 2563 698 2627 quidem
710 2561 805 2618 habuit
819 2561 1032 2632 conducticiam,

140 2644 246 2702 saltem
258 2654 287 2702 ut
299 2654 375 2701 esset
386 2646 440 2716 qud
453 2648 569 2701 19191191
580 2649 684 2701 obitum
697 2647 800 2701 domini
813 2648 952 2702 seruolus.

183 2730 263 2785 Hunc
274 2730 409 2785 Afranius
429 2730 542 2800 quidem
561 2733 689 2785 omnibus
705 2731 821 2786 comicis
837 2733 961 2801 praefert
978 2732 1162 2808 scribenssoj

96 2817 126 2868 in
139 2813 355 2884 Compitalibus:

141 2897 271 2952 Terentio
284 2913 340 2950 non
353 2893 472 2951 similem
485 2898 563 2952 dices
576 2897 744 2968 quempiam.

96 2981 243 3035 Volcatius
267 2987 359 3036 autem
381 2997 437 3035 non
455 2983 544 3036 solum
562 2983 669 3036 Naeuio
691 2987 718 3034 ot
728 2983 824 3035 Plauto
848 2988 875 3035 et
892 2982 1028 3050 Caecilio,
1052 2982 1104 3038 sed

95 3064 204 3118 Licinio
222 3081 331 3136 quoque
350 3071 377 3119 et
393 3066 478 3120 Atilio
495 3067 647 3136 postponit.
682 3064 778 3120 Cicero
796 3066 824 3119 in
834 3065 947 3120 Limone
967 3066 1103 3122 hactenus

96 3147 207 3202 iaudat:
1114 3154 1150 3208 35

139 3230 162 3285 T
165 3249 183 3285 u
194 3248 320 3302 quoque,
334 3233 380 3304 qui
393 3234 470 3288 solus
482 3234 554 3288 lecto
568 3249 696 3288 sermone
706 3275 713 3299 ,
725 3232 849 3299 Terenti,

140 3313 316 3372 Conuersum
327 3333 549 3389 expressumque
563 3318 658 3371 Latina
668 3333 739 3371 uoce
752 3315 936 3371 Menandrum
