2386 3810
50 171 189 223 216-32
428 129 597 226 fluuius.
786 182 789 189 <
952 165 1014 233 277

100 346 246 406 Proiecto
273 347 306 405 iu
331 347 388 405 hue
416 365 450 405 re
477 344 522 404 nil
552 345 670 425 malist,
709 347 790 428 quod
818 352 859 410 sit
885 345 1014 409 discidio

472 441 604 521 dignum.

50 564 73 602 u.
101 539 204 602 Velim
221 539 343 621 quidem
358 539 476 601 hercle.
498 541 554 600 Lu.
570 543 721 620 Exquire:
744 540 848 602 adest:
871 542 953 621 quod
969 547 1016 605 si·

468 639 509 697 iis
531 640 587 716 sit,
611 639 705 699 faciei
721 642 795 718 ipsa.

50 758 74 797 u·
102 736 182 812 Quid
197 737 239 796 mi
255 738 350 796 istaec
368 736 500 795 narras?
519 739 557 794 in
578 737 647 815 quia
667 755 728 796 nou
747 739 815 796 tote
832 735 944 796 dudum
964 758 1017 798 uu·

467 832 550 910 disti,
642 854 646 896 i

100 931 146 991 De
167 932 225 990 hae
246 949 282 990 re
304 931 420 991 inimus
440 949 526 990 meus
548 937 582 991 ut
604 934 661 1008 sit,
682 931 823 991 Lachesi
845 931 908 992 illis
926 930 1015 992 modo

468 1027 592 1108 explete
611 1029 752 1088 inimum.
958 1039 1016 1112 Ι785

50 1146 74 1186 s.
102 1126 222 1201 Quaeso
238 1123 366 1204 edepol,
387 1124 532 1204 Bacchis,
556 1124 638 1205 quid
652 1127 727 1186 mihi
742 1124 934 1206 esxpollioita
950 1133 1016 1187 tute
1030 1135 1056 1176 ²⁰
1100 1165 1101 1168 =

467 1229 500 1281 ut
521 1224 637 1283 seruus.

49 1343 73 1382 s.
103 1322 150 1380 0b
170 1325 236 1380 eim
258 1339 323 1379 rem
345 1321 397 1379 uin
419 1338 493 1398 ergo
514 1323 596 1381 intro
616 1322 827 1399 eumiLA.1,
850 1322 938 1402 exple
953 1325 1018 1382 ini-

467 1437 547 1476 mum
570 1419 630 1495 eiu,
653 1437 729 1496 coge
749 1425 783 1476 ut
805 1416 943 1478 credant.

50 1534 74 1574 e.
100 1514 163 1590 Eo,
191 1515 250 1572 etsi
272 1514 335 1574 scio
356 1513 410 1594 pol
431 1503 478 1575 eis
504 1515 573 1575 fore
601 1533 701 1574 meum
721 1517 918 1594 conspectum
938 1517 1017 1576 inui-

470 1630 535 1670 sum
556 1609 667 1668 hodie:

101 1707 175 1766 Nam
200 1708 296 1787 mipta
318 1708 476 1768 meretrici
498 1708 596 1766 hostis
618 1715 682 1786 est,
711 1710 816 1769 uuiro
838 1710 892 1768 ubi
912 1727 1018 1788 segre·
1060 1720 1076 1765 κ’

470 1808 578 1883 giiusi.

50 1922 75 1962 e.
104 1903 144 1961 At
165 1902 241 1961 haee
262 1903 377 1961 amicae
399 1904 509 1979 erint,
537 1904 588 1961 ubi
613 1923 702 1982 quam
724 1906 830 1964 obrem
854 1902 1018 1964 adueneris

469 2004 655 2062 resciscent:
697 1988 702 1996 ’
967 2012 1019 2066 790

50 2100 89 2159 'm
116 2099 158 2157 At
178 2096 302 2159 eusdem
324 2099 434 2158 amieos
458 2099 527 2158 fore
548 2101 605 2159 tibi
624 2102 788 2181 promitto,
810 2120 875 2161 rem
895 2102 946 2161 uhi
968 2115 1057 2160 eo-oo

472 2200 624 2278 gnorinttl
1041 2198 1044 2203 ’

103 2294 177 2354 Nam
199 2292 268 2356 illis
289 2313 398 2356 errore
419 2305 452 2356 et
472 2299 505 2356 te'
524 2294 614 2357 simul
636 2299 807 2377 suspitione
828 2297 961 2358 exolues.

50 2414 74 2453 u.
103 2393 204 2471 Perii,
234 2392 332 2473 pudet
351 2392 569 2454 Philumenae:
598 2412 647 2453 me
670 2396 832 2474 sequimini
854 2397 937 2455 intro
959 2396 1019 2455 huo

468 2494 584 2553 imbue.

50 2612 75 2651 s.
104 2588 185 2667 Quid
208 2597 256 2651 est
278 2589 360 2668 quid
381 2592 454 2651 mihi
482 2589 584 2650 meiim
608 2594 695 2668 quim
721 2589 802 2670 quod
829 2592 901 2651 huie
925 2591 1021 2653 iutel-

463 2685 535 2765 lego
559 2688 698 2764 euenIre,

103 2786 146 2848 Vt
159 2785 287 2864 gretiam
297 2785 382 2845 ineat
394 2786 460 2845 sine
472 2804 526 2843 suo
537 2783 698 2863 dispendio
712 2792 744 2846 et
756 2786 830 2845 mihi
839 2786 960 2866 prosit?
969 2794 1020 2850 795

103 2884 178 2943 Num
201 2884 227 2941 si
244 2883 292 2941 esi
312 2886 347 2940 ut
363 2881 441 2940 haee
458 2901 539 2941 nuno
555 2881 747 2962 Pimphilum
764 2901 841 2942 uere
861 2884 899 2942 ib
917 2901 950 2943 se
971 2902 1020 2944 se·
1032 2899 1060 2942 se

469 2981 615 3058 gregirit,

104 3077 184 3155 [Scit
197 3077 256 3137 sibi
271 3076 463 3138 nobilitatem
483 3096 521 3138 ex
540 3098 577 3139 eo
599 3084 633 3138 et
647 3097 713 3139 rem
729 3085 829 3140 uotam
846 3086 879 3140 et
892 3079 1020 3160 gloriam

469 3177 550 3236 essei

102 3271 358 3352 Referetgmtum
371 3275 400 3334 ei
414 3280 532 3353 unoque
544 3274 667 3334 nossibi
679 3275 774 3354 opero
782 3275 1020 3354 omousiongeu
1054 3316 1057 3323 ·

415 3427 629 3441 ..n—n.—
