2386 3810
167 175 229 237 aas
577 171 756 233 ruoamo
996 175 1044 233 vo
1057 180 1144 235 ro-o
1167 151 1187 202 Β

124 379 150 419 ¹0
252 357 353 432 Heus,
374 359 486 433 quinta
502 360 615 433 quauta
628 354 706 413 haec
720 356 787 415 mes
800 360 969 436 paupertas
984 359 1047 434 est,
1067 364 1143 418 tamea

251 452 363 513 Adhric
377 453 482 512 curaui
496 471 589 512 uuum
602 450 808 530 bsequium,
824 461 858 513 ut
869 455 911 513 mi
923 455 1007 515 esset
1016 454 1098 516 tides.
1109 464 1144 520 aa

253 548 349 629 idque
365 547 404 609 td
418 568 472 609 uos
487 549 577 609 ueuio
593 549 776 626 uaiutiatum,
797 549 961 630 Demipho,

253 648 397 708 Parttum
410 665 459 707 me
475 664 559 707 esse:
580 647 634 706 ubi
649 644 754 725 uoltis,
775 649 902 707 uxorem
917 647 999 710 date.
1084 669 1087 673 ’
1183 664 1192 673 ·

253 747 328 806 Nam
346 748 444 805 omnis
461 745 625 825 posthabui
639 745 713 803 mibi
728 762 790 823 res,
812 745 857 804 ita
872 745 917 804 uti
931 748 989 827 ptr
1003 747 1071 826 fult,

253 844 419 922 Postquam
439 848 526 904 tauto
548 861 643 923 opere
666 841 699 901 id
720 843 775 902 uds
796 839 881 901 uelle
906 843 1039 903 animum
1061 840 1149 903 adadr-

618 946 725 1001 teram.

219 1084 226 1097 .
255 1039 297 1098 At
311 1039 363 1098 hio
379 1035 561 1098 dehortatus
578 1038 625 1096 est
639 1055 700 1113 me,
719 1054 759 1095 ue
776 1034 860 1095 illam
876 1037 936 1096 tibi
950 1035 1071 1098 darem:
1114 1047 1150 1102 91⁰

254 1135 341 1196 ‘Nam
357 1138 410 1215 qut
424 1135 486 1194 erit
500 1135 617 1193 rumor'
636 1135 747 1212 iuquit,
762 1132 807 1193 ‘id
822 1134 848 1193 si
865 1134 1004 1195 feceris?

254 1236 335 1296 Olim
350 1254 441 1313 quom
457 1233 587 1292 honeste
601 1233 713 1313 pdtuit,
736 1239 800 1291 tum
814 1251 877 1292 uon
892 1234 940 1294 est
953 1233 1041 1294 data:

253 1333 341 1393 Nuuo
358 1331 478 1392 uiduam
494 1329 616 1391 extrudi
632 1332 782 1410 tsirpest':
803 1330 903 1410 ferme
919 1329 1030 1393 eadem
1044 1332 1134 1392 dmuia

256 1431 341 1507 Quae
355 1433 424 1492 trite
440 1428 553 1490 dudum
569 1429 671 1488 odram
686 1446 736 1488 me
750 1429 957 1491 incustueras.

222 1569 229 1586 .
257 1527 337 1588 Satis
351 1531 484 1609 superbe
499 1524 640 1587 iuisiditis
657 1526 795 1585 medis.
813 1526 872 1602 Qui
878 1527 894 1586 ‘t
915 1526 975 1604 Ru.
987 1526 1153 1606 Rogasitli

257 1627 333 1702 Quia
348 1645 388 1685 ue
402 1625 528 1686 tlteram
545 1623 668 1704 quidem
684 1621 767 1682 iliam
780 1631 892 1704 potero
910 1621 1043 1684 ducere:

255 1725 330 1784 Nam
346 1728 405 1804 qud
420 1724 528 1784 redibo
544 1742 599 1783 ore
616 1721 655 1782 td
670 1739 735 1780 eam
752 1740 840 1799 quam
855 1721 1116 1801 contempserim?

146 1848 158 1885 5
223 1822 343 1881 ,Ἵππη
359 1829 458 1881 autem
476 1804 684 1900 riutiphouem
701 1816 793 1877 uideo
809 1819 845 1877 ab
860 1835 930 1877 sese
947 1803 1091 1880 amittere
1183 1843 1186 1852 ’

256 1920 387 1978 Inuitum
403 1919 481 1978 eam’
498 1921 601 1997 iuque.
625 1919 680 1977 Du.
697 1917 776 1976 'l'um
793 1916 895 1975 aritem
911 1915 1004 1976 uideo
1020 1916 1116 1979 fillum

257 2017 386 2076 inuitum
402 2036 475 2076 saue
490 2017 652 2077 mulierem
666 2016 703 2076 ab
719 2034 752 2076 se
768 2017 918 2074 amittere.
1118 2022 1154 2079 tit

258 2115 320 2175 Sed
334 2115 431 2174 trdusi
449 2115 540 2175 sodes
556 2115 595 2175 id
609 2117 711 2176 forum
726 2123 817 2194 atque
831 2112 911 2174 illsid
927 2114 1003 2174 mibi

258 2214 427 2291 Argentum
444 2233 565 2273 rursum
579 2217 653 2275 inibe
668 2214 808 2289 rescribi,
829 2213 985 2274 l'bdrmio.

225 2356 231 2369 .
260 2309 389 2388 Quodne
406 2312 462 2388 ego
480 2309 623 2391 discripsi
641 2314 734 2393 pdrro
749 2309 811 2370 illis
830 2310 939 2386 quibus
955 2307 1074 2370 debui?
1157 2308 1160 2315 '

223 2456 229 2469 .
257 2408 339 2484 Quid
352 2411 445 2486 igitur
460 2410 536 2469 fiet?
559 2411 616 2471 Pu.
631 2411 665 2470 St
680 2411 727 2469 uis
741 2409 781 2468 mi
795 2408 919 2468 uxorem
936 2406 1024 2488 dare,

259 2509 354 2585 Quam
370 2504 572 2585 respondisti,
595 2506 716 2567 ducam:
737 2507 788 2564 siu*
800 2510 849 2565 est
863 2507 898 2565 rit
911 2503 991 2566 uelis
1119 2511 1157 2569 ob
1188 2528 1192 2541 ⁴

257 2604 388 2665 Manere
403 2603 486 2664 illam
503 2603 582 2684 apud
597 2612 640 2684 te,
662 2603 717 2664 dds
732 2604 784 2663 bio
798 2609 929 2679 maneat,
952 2600 1112 2686 detpbo·
1166 2596 1169 2601 ’

258 2702 334 2761 Nam
350 2705 410 2761 udu
426 2711 474 2763 est
488 2721 616 2780 aequom
633 2703 682 2762 md
695 2706 826 2782 propter
838 2719 894 2760 uos
912 2697 1027 2780 deripi,
1189 2720 1192 2735 ’

149 2812 160 2851 5
260 2805 357 2878 Quom
373 2820 429 2878 ego
444 2804 543 2862 udstri
558 2804 685 2861 honoris
701 2802 791 2860 carisa
804 2797 969 2879 repudium
986 2798 1102 2861 tlterae

259 2897 453 2974 Remiserim,
475 2918 552 2976 quae
568 2898 649 2959 ddtis
664 2896 844 2958 tantundem
860 2896 961 2956 dabat.

226 3048 231 3057 .
261 2996 303 3053 lo'
321 2999 353 3053 tn
368 2995 476 3055 malam
492 3014 557 3055 rem
573 2996 646 3054 hino
662 3014 729 3054 eum
745 2992 1075 3072 istacmaguiiioeutia,
1123 2998 1162 3056 oo

259 3094 426 3168 Fugitiue‘t
448 3096 539 3154 etiam
557 3113 637 3152 uuuo
655 3093 757 3152 aredis
771 3099 803 3152 te
819 3092 993 3170 iguordrier

262 3194 325 3252 Aut
340 3194 393 3252 tria
407 3192 488 3253 farta
501 3191 600 3252 adeo?
628 3192 686 3252 ΡΗ.
702 3193 824 3252 Iuritor.
850 3191 907 3252 Du.
922 3188 1014 3249 'l'uue
1029 3190 1105 3248 bauo
1119 3184 1172 3245 di·-

632 3307 731 3367 ceres,
1171 3338 1174 3343 .

262 3389 295 3448 Si
311 3392 368 3451 tibi
384 3389 532 3451 daretur?
553 3390 611 3450 l'u.
625 3387 688 3448 Fac
703 3383 865 3468 periclum.
888 3383 944 3445 Da.
962 3384 1006 3447 vt
1021 3381 1102 3444 fssias
1167 3458 1176 3485 Ι,
